03300000         2054375370001370033006500490028050300065 0000480000414 AUTO GERAL DE ITU LTDA        BANCO SANTANDER                         10111201211325300002006000000                                        G4016PF00528               G4
03300011C2030030 205437537000137003300650049002805030006550000480000414 AUTO GERAL DE ITU LTDA                                                AV DR OCTAVIANO PEREIRA MENDES01333               ITU                 13301000SP                  
0330001300001J00003391550400002703209482966200000020327750104CAR CENTRAL DE AUTOPECAS ROLAM0111201200000000027032000000000000000000000000000000001112012000000000270320000000000000000324                                     00                
0330001300002J00003398550400021046389485738000000090351170203DRIVEWAY INDUSTRIA BRASILEIRA 0111201200000000210463800000000018359500000000000000001112012000000001921043000000000000000325                                     00                
0330001300003J00003397550400000874369485738000000090352730104DRIVEWAY INDUSTRIA BRASILEIRA 0111201200000000008743600000000000000000000000000000001112012000000000087436000000000000000326                                     00                
03300015         000005000000000002278799000000000000000000                                                                                                                                                                                     
03300021C2031030 205437537000137003300650049002805030006550000480000414 AUTO GERAL DE ITU LTDA                                                AV DR OCTAVIANO PEREIRA MENDES01333               ITU                 13301000SP                  
0330002300001J00000198550400002029950000001112151000000000117PARQUE DIST SUPRIMENTOS PARA E0111201200000000020299500000000000000000000000000000001112012000000000202995000000000000000290                                     00                
0330002300002J00039996550400000268361762204424204540096965001PELLEGRINO COM DISTR DE AUTOPE0111201200000000002683600000000000000000000000000000001112012000000000026836000000000000000291                                     00                
0330002300003J00034191550400000104171815720495080017749003000DOVAC INDUSTRIA E COM LTDA    0111201200000000001041700000000000000000000000000000001112012000000000010417000000000000000292                                     00                
0330002300004J00034193550400000685341124653153918351016152000MANDO MACHINERY LTDA          0111201200000000006853400000000000000000000000000000001112012000000000068534000000000000000293                                     00                
0330002300005J00023795550400000707493395090000004692600650000SORANA SUL                    0111201200000000007074900000000000000000000000000000001112012000000000070749000000000000000294                                     00                
0330002300006J00023793550400000475273262090000028514200935470COMDIP COMERCIAL DE PECAS LTDA0111201200000000004752700000000000000000000000000000001112012000000000047527000000000000000295                                     00                
0330002300007J00000196550400000241570000001244482993004955917RPT DISTRIBUIDORA DE AUTO PCS 0111201200000000002415700000000000000000000000000000001112012000000000024157000000000000000296                                     00                
0330002300008J00023798550400005980852028192272000003400375550MASTER SISTEMAS AUTOMOTIVOS LT0111201200000000059808500000000000000000000000000000001112012000000000598085000000000000000297                                     00                
0330002300009J00023794550400000360001384022278000000500020270IMPACTUS DISTR PCS E ACESS P/A0111201200000000003600000000000000000000000000000000001112012000000000036000000000000000000298                                     00                
0330002300010J00023792550400000323000501092278000001100468660DIP DISTRIBUIDORA DE PECAS    0111201200000000003230000000000000000000000000000000001112012000000000032300000000000000000299                                     00                
0330002300011J00000193550400000246020000002096857000000556717PTD COMERCIO DE PECAS LTDA    0111201200000000002460200000000000000000000000000000001112012000000000024602000000000000000300                                     00                
0330002300012J00034194550400000082711124678697342938000052000EATON LTDA                    0111201200000000000827100000000000000000000000000000001112012000000000008271000000000000000301                                     00                
0330002300013J00034196550400000506101122740511612938000052000EATON LTDA                    0111201200000000005061000000000000000000000000000000001112012000000000050610000000000000000302                                     00                
0330002300014J00023791550400000302730138092271000001401453000OBB CONSULTORIA E PARTICIPACOE0111201200000000003027300000000000000000000000000000001112012000000000030273000000000000000303                                     00                
0330002300015J00023791550400000399003114091292533491001763000BANCO SAFRA S/A               0111201200000000003990000000000000000000000000000000001112012000000000039900000000000000000304                                     00                
0330002300016J00023793550400000409033484092261000012301129000PETRONAS LUBRIFICANTES BRASIL 0111201200000000004090300000000000000000000000000000001112012000000000040903000000000000000305                                     00                
0330002300017J00000192550400000241570000001244482976000609917RENOVA AUTO PECAS LTDA ME     0111201200000000002415700000000000000000000000000000001112012000000000024157000000000000000306                                     00                
0330002300018J00023797550400002500043484092247000036301129000PETRONAS LUBRIFICANTES BRASIL 0111201200000000025000400000000000000000000000000000001112012000000000250004000000000000000307                                     00                
0330002300019J00039996550400000376191761800867304061860231001CAR CENTRAL DE AUTOPECAS E ROL0111201200000000003761900000000000000000000000000000001112012000000000037619000000000000000308                                     00                
0330002300020J00039994550400000021491762089741804540575219001TRELLEBORG AUTOMOTIVE DO BRASI0111201200000000000214900000000000000000000000000000001112012000000000002149000000000000000309                                     00                
0330002300021J00039995550400002762731762089739604540575219001TRELLEBORG AUTOMOTIVE DO BRASI0111201200000000027627300000000000000000000000000000001112012000000000276273000000000000000310                                     00                
0330002300022J00034197550400000954581124670569362938107808000ELIVEL AUTOMOTORES LTDA       0111201200000000009545800000000000000000000000000000001112012000000000095458000000000000000311                                     00                
0330002300023J00034198550400000319991090303931030109276204000GIRANDO COMERCIO DE PECAS LTDA0111201200000000003199900000000000000000000000000000001112012000000000031999000000000000000312                                     00                
0330002300024J00035694550400000112570689070323430000004887253DISTRIBUIDORA AUTOMOTIVA S.A  0111201200000000001125700000000000000000000000000000001112012000000000011257000000000000000313                                     00                
0330002300025J00035694550400000297900689070323420000004887221DISTRIBUIDORA DE AUTOMOTIVA LT0111201200000000002979000000000000000000000000000000001112012000000000029790000000000000000314                                     00                
0330002300026J00039997550400000696762053138364905313093513001REAL MOTO PECAS LTDA          0111201200000000006967600000000000000000000000000000001112012000000000069676000000000000000315                                     00                
0330002300027J00023799550400000163162002061201364889100829680COMERCIAL AUTOMOTIVA S.A.     0111201200000000001631600000000000000000000000000000001112012000000000016316000000000000000316                                     00                
0330002300028J00023797550400000210712002061201364625100829680COMERCIAL AUTOMOTIVA S.A.     0111201200000000002107100000000000000000000000000000001112012000000000021071000000000000000317                                     00                
0330002300029J00023791550400000331163395061180232790900028140ROCHESTER DISTRIBUIDORA DE AUT0111201200000000003311600000000000000000000000000000001112012000000000033116000000000000000318                                     00                
0330002300030J00000195550400000179580000002175416000002522417SK AUTOMOTIVE S/A DIST AUTOPEC0111201200000000001795800000000000000000000000000000001112012000000000017958000000000000000319                                     00                
0330002300031J00000196550400000629120000001148003000006794217VESPOR AUTOMOTIVE DISTR DE AUT0111201200000000006291200000000000000000000000000000001112012000000000062912000000000000000320                                     00                
0330002300032J00000198550400010751920000001291892000004231017VESPOR AUTOMOTIVE DISTR DE AUT0111201200000000107519200000000000000000000000000000001112012000000001075192000000000000000321                                     00                
0330002300033J00023791550400001951123391020007156913400010210INTERSMART COM IMP EXP EQUIP E0111201200000000019511200000000000000000000000000000001112012000000000195112000000000000000322                                     00                
0330002300034J00039991550400000844622053127144105313093513001REAL MOTO PECAS LTDA          0111201200000000008446200000000000000000000000000000001112012000000000084462000000000000000323                                     00                
0330002300035J00034194550400000906441125060939243150173205000LG FIXA COM AUTO PECAS LTDA   0111201200000000009064400000000000000000000000000000001112012000000000090644000000000000000327                                     00                
0330002300036J00000196550400002472190000001291892000004231817VESPOR AUTOMOTIVE DIST DE AUTO0111201200000000024721900000000000000000000000000000001112012000000000247219000000000000000328                                     00                
0330002300037J00000191550400001156720000001148003000006794117VESPOR AUTOMOTIVE DIST DE AUTO0111201200000000011567200000000000000000000000000000001112012000000000115672000000000000000329                                     00                
0330002300038J00000195550400001782170000001148003000006794017VESPOR AUTOMOTIVE DIST DE AUTO0111201200000000017821700000000000000000000000000000001112012000000000178217000000000000000330                                     00                
0330002300039J00034196550400001249351125255679733129414797000DOFAB USINAGEM LTDA EPP       0111201200000000012493500000000000000000000000000000001112012000000000124935000000000000000331                                     00                
0330002300040J00023796550400001138893372091122910486500731020MAGGI AUTOMOVEIS LTDA         0111201200000000011388900000000000000000000000000000001112012000000000113889000000000000000332                                     00                
0330002300041J00023795550400000593822372196600092676600360080TELEFONICA BRASIL S/A         0111201200000000005938200000000000000000000000000000001112012000000000059382000000000000000333                                     00                
0330002300042J00039991550400000061942400392966006573205239001RODONAVES TRANSP E ENCOMENDAS 0111201200000000000619400000000000000000000000000000001112012000000000006194000000000000000334                                     00                
0330002300043J00039996550400001760432400392965106573205239001RODONAVES TRANSP E ENCOMENDAS 0111201200000000017604300000000000000000000000000000001112012000000000176043000000000000000335                                     00                
03300025         000045000000000004758875000000000000000000                                                                                                                                                                                     
03399999         000002000052                                                                                                                                                                                                                   
