03300000         2054375370001370033006500490028050300065 0000480000414 AUTO GERAL DE ITU LTDA        BANCO SANTANDER                         10811201209553700002606000000                                        G4016PF00528               G4
03300011C2030030 205437537000137003300650049002805030006550000480000414 AUTO GERAL DE ITU LTDA                                                AV DR OCTAVIANO PEREIRA MENDES01333               ITU                 13301000SP                  
0330001300001J00003395551200002804019482966200000020746210104CAR CENTRAL DE AUTOPECAS E ROL0911201200000000028040100000000000000000000000000000009112012000000000280401000000000000000585                                     00                
0330001300002J00003392551200001032759482966200000021155060104CAR CENTRAL DE AUTOPECAS E ROL0911201200000000010327500000000000000000000000000000009112012000000000103275000000000000000586                                     00                
0330001300003J00003394551200000640099482966200000020747610104CAR CENTRAL DE AUTOPECAS E ROL0911201200000000006400900000000000000000000000000000009112012000000000064009000000000000000587                                     00                
0330001300004J00003398551200001503359482966200000020747370104CAR CENTRAL DE AUTOPECAS E ROL0911201200000000015033500000000000000000000000000000009112012000000000150335000000000000000588                                     00                
0330001300005J00003396551200000579809421259200000000346650101GUMP MOTORS COMP AUTOM LTDA   0911201200000000005798000000000000000000000000000000009112012000000000057980000000000000000609                                     00                
03300015         000007000000000000656000000000000000000000                                                                                                                                                                                     
03300021C2031030 205437537000137003300650049002805030006550000480000414 AUTO GERAL DE ITU LTDA                                                AV DR OCTAVIANO PEREIRA MENDES01333               ITU                 13301000SP                  
0330002300001J00039999551200001608281762780780511960078237001BAP AUTOMOTIVA LTDA           0911201200000000016082800000000000000000000000000000009112012000000000160828000000000000000582                                     00                
0330002300002J00039997551200002567921762782044511960078237001BAP AUTOMOTIVA LTDA           0911201200000000025679200000000000000000000000000000009112012000000000256792000000000000000583                                     00                
0330002300003J00034193551200000704251123663825651248021303000BANCO FIBRA SA                0911201200000000007042500000000000000000000000000000009112012000000000070425000000000000000584                                     00                
0330002300004J00034191551200000024401124863226400076000777000CENTER PECAS FABBRI LTDA      0911201200000000000244000000000000000000000000000000009112012000000000002440000000000000000589                                     00                
0330002300005J00034193551200000073501124863226570076000777000CENTER PECAS FABBRI LTDA      0911201200000000000735000000000000000000000000000000009112012000000000007350000000000000000590                                     00                
0330002300006J00034191551200000352001124863225740076000777000CENTER PECAS FABBRI LTDA      0911201200000000003520000000000000000000000000000000009112012000000000035200000000000000000591                                     00                
0330002300007J00023796551200000850000152091221942655701828310CESAR DE NADAI ME             0911201200000000008500000000000000000000000000000000009112012000000000085000000000000000000592                                     00                
0330002300008J00023791551200000474013389092303000004900120490CHG AUTOMOTIVA LTDA           0911201200000000004740100000000000000000000000000000009112012000000000047401000000000000000593                                     00                
0330002300009J00034198551200007646881125137901080360545834000COBRA ROLAM AUTOPECAS LTDA    0911201200000000076468800000000000000000000000000000009112012000000000764688000000000000000594                                     00                
0330002300010J00034199551200001662981125137910720360545834000COBRA ROLAM AUTOPECAS LTDA    0911201200000000016629800000000000000000000000000000009112012000000000166298000000000000000595                                     00                
0330002300011J00034195551200003913521125137904130360545834000COBRA ROLAM AUTOPECAS LTDA    0911201200000000039135200000000000000000000000000000009112012000000000391352000000000000000596                                     00                
0330002300012J00034195551200001059451570235735904522114471000COML NV MILLENNIUN A P LT EPP 0911201200000000010594500000000000529700000000000000009112012000000000100648000000000000000597                                     00                
0330002300013J00023792551200001581440119060000000906700682000CORCERAMA COM DE AUTOPECAS LTD0911201200000000015814400000000000000000000000000000009112012000000000158144000000000000000598                                     00                
0330002300014J00034191551200006251381124512998072938036635000DAYCO POWER TRANSMISSION      0911201200000000062513800000000000000000000000000000009112012000000000625138000000000000000599                                     00                
0330002300015J00035698551200002181820689070323480000005551879DISTRIBUIDORA AUTOMOTIVA SA   0911201200000000021818200000000000000000000000000000009112012000000000218182000000000000000600                                     00                
0330002300016J00035694551200000752380689070323420000004888690DISTRIBUIDORA AUTOMOTIVA SA   0911201200000000007523800000000000000000000000000000009112012000000000075238000000000000000601                                     00                
0330002300017J00035696551200000461100689070323410000004888691DISTRIBUIDORA AUTOMOTIVA SA   0911201200000000004611000000000000000000000000000000009112012000000000046110000000000000000602                                     00                
0330002300018J00035692551200000182040689070323490000004888651DISTRIBUIDORA AUTOMOTIVA SA   0911201200000000001820400000000000000000000000000000009112012000000000018204000000000000000603                                     00                
0330002300019J00023795551200000269690138092265000003001453000OBB CONSULTORIA E PARTICIPACOE0911201200000000002696900000000000000000000000000000009112012000000000026969000000000000000604                                     00                
0330002300020J00034192551200000018731124949209142938000052000EATON LTDA                    0911201200000000000187300000000000000000000000000000009112012000000000001873000000000000000605                                     00                
0330002300021J00034191551200000747451124008343732938107808000ELIVEL AUTOMOTORES LTDA       0911201200000000007474500000000000000000000000000000009112012000000000074745000000000000000606                                     00                
0330002300022J00034199551200000165991090303979630109276204000GIRANDO COM DE PECAS LTDA     0911201200000000001659900000000000000000000000000000009112012000000000016599000000000000000607                                     00                
0330002300023J00034199551200004983571090005817530054918966000GT COM LUBRIFICANTES LTDA     0911201200000000049835700000000000000000000000000000009112012000000000498357000000000000000608                                     00                
0330002300024J00034192551200000399983588004404080113402739000INCOPARTS IND C PECAS LTDA EPP0911201200000000003999800000000000000000000000000000009112012000000000039998000000000000000610                                     00                
0330002300025J00039991551200000235601761936075303280030090001ITAVEMA ITALIA VEIC E MAQUINAS0911201200000000002356000000000000000000000000000000009112012000000000023560000000000000000611                                     00                
0330002300026J00023798551200001339832500090256566200000000340ODAPEL DISTR DE AUTOPECAS LTDA0911201200000000013398300000000000000000000000000000009112012000000000133983000000000000000612                                     00                
0330002300027J00039999551200000953588144664777604540096965001PELLEGRINO DISTR DE AUTOPECAS 0911201200000000009535800000000000000000000000000000009112012000000000095358000000000000000613                                     00                
0330002300028J00023794551200000142000151091323000006301251750PECA MAIS COM DE AUTOPECAS LTD0911201200000000001420000000000000000000000000000000009112012000000000014200000000000000000614                                     00                
0330002300029J00034199551200000244411125309744380191074004000POLIPECAS COML E IMP LTDA     0911201200000000002444100000000000171100000000000000009112012000000000022730000000000000000615                                     00                
0330002300030J00023798551200001749343684190000016237500673000POLIPECAS DISTR AUTOM LTDA SP 0911201200000000017493400000000000000000000000000000009112012000000000174934000000000000000616                                     00                
0330002300031J00039994551200000774362053151800505313093513001REAL MOTO PECAS LTDA          0911201200000000007743600000000000000000000000000000009112012000000000077436000000000000000617                                     00                
0330002300032J00039995551200003528152053151144205313093513001REAL MOTO PECAS LTDA          0911201200000000035281500000000000000000000000000000009112012000000000352815000000000000000618                                     00                
0330002300033J00039991551200000503102053140398405313093513001REAL MOTO PECAS LTDA          0911201200000000005031000000000000000000000000000000009112012000000000050310000000000000000619                                     00                
0330002300034J00039996551200000502132053139951005313093513001REAL MOTO PECAS LTDA          0911201200000000005021300000000000000000000000000000009112012000000000050213000000000000000620                                     00                
0330002300035J00039998551200002205212053140373905313093513001REAL MOTO PECAS LTDA          0911201200000000022052100000000000000000000000000000009112012000000000220521000000000000000621                                     00                
0330002300036J00023798551200000424263395061180232799500028140ROCHESTER DISTR DE AUTOPECAS S0911201200000000004242600000000000000000000000000000009112012000000000042426000000000000000622                                     00                
0330002300037J00000192551200000762880000002175416000002590017SK AUTOMOTIVE SA DISTR AUTOPCS0911201200000000007628800000000000000000000000000000009112012000000000076288000000000000000623                                     00                
0330002300038J00023795551200000640713395090000004829500650000SORANA SUL                    0911201200000000006407100000000000000000000000000000009112012000000000064071000000000000000624                                     00                
0330002300039J00023792551200000186133395090000004940200650000SORANA SUL                    0911201200000000001861300000000000000000000000000000009112012000000000018613000000000000000625                                     00                
0330002300040J00000199551200015382800000001103966441844515411TARANTO COML IMP E EXP        0911201200000000153828000000000000000000000000000000009112012000000001538280000000000000000626                                     00                
0330002300041J00000191551200007121140000001103966441844515611TARANTO COML IMP E EXP        0911201200000000071211400000000000000000000000000000009112012000000000712114000000000000000627                                     00                
0330002300042J00000191551200000038700000001555704202000106017VIRTUAL EXPRESS TRANSP E LOGIS0911201200000000000387000000000000000000000000000000009112012000000000003870000000000000000628                                     00                
03300025         000044000000000007559701000000000000000000                                                                                                                                                                                     
03399999         000002000053                                                                                                                                                                                                                   
