03300000         2054375370001370033006500490028050300065 0000480000414 AUTO GERAL DE ITU LTDA        SANTANDER                               21203201302250200026506000000                                                                     
03300011C2030030 2054375370001370033006500490028050300065 0000480000414 AUTO GERAL DE ITU LTDA                                                                              00000                                   00000000                    
0330001300001J00003395563500001386179482966200000025844840104CAR CENTRAL DE AUTOPECAS E ROL12032013000000000138617000000000000000000000000000000120320130000000001386170000000000000004793                900005074           09      00        
0330001300002Z70976E126589CA9AD7118EF                                         PGTFORNB12032013900005074                                                                                                                               00        
0330001300003J00003392563500015860849121618000000004361430203TARANTO COML IMP E EXP        12032013000000001586084000000000000000000000000000000120320130000000015860840000000000000004811                900005075           09      00        
0330001300004Z70976E1C593D3B3FC35278A                                         PGTFORNB12032013900005075                                                                                                                               00        
0330001300005J00003391563500016993129121618000000004360620203TARANTO COML IMP E EXP        12032013000000001699312000000000000000000000000000000120320130000000016993120000000000000004812                900005076           09      00        
0330001300006Z70976E10BE13B30C836B52F                                         PGTFORNB12032013900005076                                                                                                                               00        
0330001300007J00003391563500002601539141963300000007574970201VALERIA DAVANSO AGUADO        12032013000000000260153000000000000000000000000000000120320130000000002601530000000000000004814                900005077           09      00        
0330001300008Z70976E1C237C4522984F9EA                                         PGTFORNB12032013900005077                                                                                                                               00        
0330001300009J00035691563500000172850689070323420000003265536DISTRIBUIDORA AUTOMOTIVA S.A. 12032013000000000017285000000000000000000000000000000120320130000000000172850000000000000004798                900005083           09      00        
0330001300010Z70976E128C1E7253A05F600                                         PGTFORNB12032013900005083                                                                                                                               00        
0330001300011J00035691563500000108900689070323410000003265297DISTRIBUIDORA AUTOMOTIVA S.A. 12032013000000000010890000000000000000000000000000000120320130000000000108900000000000000004799                900005084           09      00        
0330001300012Z70976E1DF65B71F8D55C418                                         PGTFORNB12032013900005084                                                                                                                               00        
03300015         000014000000000003712341000000000000000000300312                                                                                                                                                                               
03300021C2031030 2054375370001370033006500490028050300065 0000480000414 AUTO GERAL DE ITU LTDA                                                                              00000                                   00000000                    
0330002300001J00034196563500000192841127863108402938000052000EATON LTDA                    12032013000000000019284000000000000000000000000000000120320130000000000192840000000000000004800                900005085           09      00        
0330002300002Z70976E10F01CFE3FB99956E                                         PGTFORNB12032013900005085                                                                                                                               00        
0330002300003J00023797563500000974682386093036000003500028910FERROL IND E COM LTDA         12032013000000000097468000000000000000000000000000000120320130000000000974680000000000000004801                900005086           09      00        
0330002300004Z70976E113A9D700DAD1A01C                                         PGTFORNB12032013900005086                                                                                                                               00        
0330002300005J00034197563500000730121128790868280295821649000FREIOS CONTROIL LTDA          12032013000000000073012000000000000000000000000000000120320130000000000730120000000000000004802                900005087           09      00        
0330002300006Z70976E1F51256B76727631C                                         PGTFORNB12032013900005087                                                                                                                               00        
0330002300007J00034193563500003320201128790868360295821649000FREIOS CONTROIL LTDA          12032013000000000332020000000000000000000000000000000120320130000000003320200000000000000004803                900005088           09      00        
0330002300008Z70976E1278DB74336C69FE8                                         PGTFORNB12032013900005088                                                                                                                               00        
0330002300009J00023791563500003432072224023056000002200665550GIANCAR DISTR AUTO PECAS LTDA 12032013000000000343207000000000000000000000000000000120320130000000003432070000000000000004804                900005089           09      00        
0330002300010Z70976E14F67C693BDB1D049                                         PGTFORNB12032013900005089                                                                                                                               00        
0330002300011J00023791563500000340003372094000204526000400020MAGGI LE NOM AUTOMOTORES LTDA 12032013000000000034000000000000000000000000000000000120320130000000000340000000000000000004805                900005090           09      00        
0330002300012Z70976E168D15B8FEE297765                                         PGTFORNB12032013900005090                                                                                                                               00        
0330002300013J00034191563500000553051128766174920017328824000MTE THOMSON IND COM LTDA      12032013000000000055305000000000000000000000000000000120320130000000000553050000000000000004806                900005091           09      00        
0330002300014Z70976E1662C0C70E934CF82                                         PGTFORNB12032013900005091                                                                                                                               00        
0330002300015J00039991563500000692638144670625004540096965001PELLEGRINO DISTRIBUIDORA DE AU12032013000000000069263000000000000000000000000000000120320130000000000692630000000000000004807                900005092           09      00        
0330002300016Z70976E12251FD9B4339AF32                                         PGTFORNB12032013900005092                                                                                                                               00        
0330002300017J00039992563500007153703133560593705313093513001REAL MOTO PECAS LTDA          12032013000000000715370000000000000000000000000000000120320130000000007153700000000000000004808                900005093           09      00        
0330002300018Z70976E14F540846A1FA55A0                                         PGTFORNB12032013900005093                                                                                                                               00        
0330002300019J00039991563500001447513133561444805313093513001REAL MOTO PECAS LTDA          12032013000000000144751000000000000000000000000000000120320130000000001447510000000000000004809                900005094           09      00        
0330002300020Z70976E1910DDA16969B42B1                                         PGTFORNB12032013900005094                                                                                                                               00        
0330002300021J00000191563500000245120000002175416000003505017REAL MOTO PECAS LTDA          12032013000000000024512000000000000000000000000000000120320130000000000245120000000000000004810                900005095           09      00        
0330002300022Z70976E1233C730D42E9F0D2                                         PGTFORNB12032013900005095                                                                                                                               00        
0330002300023J00034195563500013398631128766200250017697418000THOMSON C I COM PROD AUT LTDA 12032013000000001339863000000000000000000000000000000120320130000000013398630000000000000004813                900005096           09      00        
0330002300024Z70976E1952212778DBB68CE                                         PGTFORNB12032013900005096                                                                                                                               00        
0330002300025J00010498563500000000009223380313031200300612098SIND. DOS COND. DE VEICULOS RO12032013000000000002900000000000000000000000000000000120320130000000000029000000000000000004815                900005097           09      00        
0330002300026Z70976E17F3D7DE30067D6B5                                         PGTFORNB12032013900005097                                                                                                                               00        
0330002300027J00023796563500000811592372196600105942000360080TELEFONICA BRASIL S/A         12032013000000000081159000000000000000000000000000000120320130000000000811590000000000000004816                900005098           09      00        
0330002300028Z70976E1CFC67B9BCDD0632A                                         PGTFORNB12032013900005098                                                                                                                               00        
0330002300029J00034198563500000572501127600304898514325201000BODIPASA BOMBAS DIESEL PAULIST12032013000000000057250000000000000000000000000000000120320130000000000572500000000000000004792                900005078           09      00        
0330002300030Z70976E1D01981A27F8DD3A9                                         PGTFORNB12032013900005078                                                                                                                               00        
0330002300031J00039999563500000174791769428580504061860231001CAR CENTRAL DE AUTOPECAS E ROL12032013000000000017479000000000000000000000000000000120320130000000000174790000000000000004794                900005079           09      00        
0330002300032Z70976E13CCFBED6DA8B00D6                                         PGTFORNB12032013900005079                                                                                                                               00        
0330002300033J00039993563500000324111769428541404061860231001CAR CENTRAL DE AUTOPECAS E ROL12032013000000000032411000000000000000000000000000000120320130000000000324110000000000000004795                900005080           09      00        
0330002300034Z70976E11A246B50E4921F51                                         PGTFORNB12032013900005080                                                                                                                               00        
0330002300035J00039998563500000411441769428539204061860231001CAR CENTRAL DE AUTOPECAS E ROL12032013000000000041144000000000000000000000000000000120320130000000000411440000000000000004796                900005081           09      00        
0330002300036Z70976E1F80464F9760C3875                                         PGTFORNB12032013900005081                                                                                                                               00        
0330002300037J00000193563500000358671931721546026590040800017PIRELLI PNEUS S.A             12032013000000000035867000000000000000000000000000000120320130000000000358670000000000000004797                900005082           09      00        
0330002300038Z70976E1BC9D5D69A838E117                                         PGTFORNB12032013900005082                                                                                                                               00        
03300025         000040000000000003516265000000000000000000310312                                                                                                                                                                               
03399999         000002000056000000                                                                                                                                                                                                             
