03300000         2054375370001370033006500490028050300065 0000480000414 AUTO GERAL DE ITU LTDA        SANTANDER                               21812201202210600011006000000                                                                     
03300011C2030030 2054375370001370033006500490028050300065 0000480000414 AUTO GERAL DE ITU LTDA                                                                              00000                                   00000000                    
0330001300001J00003397555100000377729186167000000003986590203BACURITY COMERCIAL LTDA       18122012000000000037772000000000000000000000000000000181220120000000000377720000000000000001941                900002231           09      00        
0330001300002Z70976E15094922A4982F0CE                                         PGTFORNB18122012900002231                                                                                                                               00        
0330001300003J00035699555100001172530689070323410000004893980DISTRIBUIDORA AUTOMOTIVA S/A  18122012000000000117253000000000000000000000000000000181220120000000001172530000000000000001945                900002236           09      00        
0330001300004Z70976E104D7B9C26D305CE5                                         PGTFORNB18122012900002236                                                                                                                               00        
0330001300005J00035692555100000283300689070323430000005560933DISTRIBUIDORA AUTOMOTIVA S/A  18122012000000000028330000000000000000000000000000000181220120000000000283300000000000000001947                900002237           09      00        
0330001300006Z70976E12A32F3B13970FB2C                                         PGTFORNB18122012900002237                                                                                                                               00        
0330001300007J00003391555100000321709513931700000103541740101DISTRIBUIDORA AUTOMOTIVA S/A  18122012000000000032170000000000000000000000000000000181220120000000000321700000000000000001946                900002232           09      00        
0330001300008Z70976E161D3594494C993A7                                         PGTFORNB18122012900002232                                                                                                                               00        
03300015         000010000000000000215525000000000000000000301218                                                                                                                                                                               
03300021C2031030 2054375370001370033006500490028050300065 0000480000414 AUTO GERAL DE ITU LTDA                                                                              00000                                   00000000                    
0330002300001J00000193555100001242000441720127719140000100711CDMD COM DE VEICULOS AUTOMOTOR18122012000000000124200000000000000000000000000000000181220120000000001242000000000000000001942                900002233           09      00        
0330002300002Z70976E18024C92671918D2A                                         PGTFORNB18122012900002233                                                                                                                               00        
0330002300003J00000192555100000192000441720128019140000100711CDMD COM DE VEICULOS AUTOMOTOR18122012000000000019200000000000000000000000000000000181220120000000000192000000000000000001943                900002234           09      00        
0330002300004Z70976E13A915A49C320A5B3                                         PGTFORNB18122012900002234                                                                                                                               00        
0330002300005J00034199555100000161421125094835852938000052000EATON LTDA                    18122012000000000016142000000000000000000000000000000181220120000000000161420000000000000001948                900002238           09      00        
0330002300006Z70976E110660268B5AF325F                                         PGTFORNB18122012900002238                                                                                                                               00        
0330002300007J00034192555100000138681125318951032938000052000EATON LTDA                    18122012000000000013868000000000000000000000000000000181220120000000000138680000000000000001949                900002239           09      00        
0330002300008Z70976E15B94A8ED40589498                                         PGTFORNB18122012900002239                                                                                                                               00        
0330002300009J00034195555100000349801124258912832938107808000ELIVEL AUTOMOTORES LTDA       18122012000000000034980000000000000000000000000000000181220120000000000349800000000000000001950                900002240           09      00        
0330002300010Z70976E176DDE5E17FD75C49                                         PGTFORNB18122012900002240                                                                                                                               00        
0330002300011J00039996555100000891471763494289004570524809001F CONFUORTO IND COM PCS LTDA  18122012000000000089147000000000000000000000000000000181220120000000000891470000000000000001951                900002241           09      00        
0330002300012Z70976E1EE92DDD43727A9FA                                         PGTFORNB18122012900002241                                                                                                                               00        
0330002300013J00034192555100000500831090304170350109276204000GIRANDO COMERCIO DE PECAS LTDA18122012000000000050083000000000000000000000000000000181220120000000000500830000000000000001952                900002242           09      00        
0330002300014Z70976E1386A0010ABB2A8FC                                         PGTFORNB18122012900002242                                                                                                                               00        
0330002300015J00034196555100000139991090304170430109276204000GIRANDO COMERCIO DE PECAS LTDA18122012000000000013999000000000000000000000000000000181220120000000000139990000000000000001953                900002243           09      00        
0330002300016Z70976E15B2C95C1A82BA863                                         PGTFORNB18122012900002243                                                                                                                               00        
0330002300017J00034191555100012289981126534340530125675405000IND E COM AUTO PECAS REI LTDA 18122012000000001228998000000000000000000000000000000181220120000000012289980000000000000001954                900002244           09      00        
0330002300018Z70976E115B72888E311957A                                         PGTFORNB18122012900002244                                                                                                                               00        
0330002300019J00023796555100000359511911092327000001900178030LNG IMP EXP DE AUTOPECAS LTDA 18122012000000000035951000000000000000000000000000000181220120000000000359510000000000000001955                900002245           09      00        
0330002300020Z70976E14DA99FAF3C097A52                                         PGTFORNB18122012900002245                                                                                                                               00        
0330002300021J00039991555100000979112696545923404540096965001PELLEGRINO DISTRIBUIDORA DE AU18122012000000000097911000000000000000000000000000000181220120000000000979110000000000000001956                900002246           09      00        
0330002300022Z70976E109DB189DE4B3A8A6                                         PGTFORNB18122012900002246                                                                                                                               00        
0330002300023J00039991555100002986028144666543004540096965001PELLEGRINO DISTRIBUIDORA DE AU18122012000000000298602000000000000000000000000000000181220120000000002986020000000000000001957                900002247           09      00        
0330002300024Z70976E176B1EFA7F970DE5D                                         PGTFORNB18122012900002247                                                                                                                               00        
0330002300025J00000198555100001782270000002096856000001954717PRV COMERCIO DE PECAS LTDA    18122012000000000178227000000000000000000000000000000181220120000000001782270000000000000001958                900002248           09      00        
0330002300026Z70976E1959538508839992A                                         PGTFORNB18122012900002248                                                                                                                               00        
0330002300027J00039991555100002619462315304409005313093513001REAL MOTO PECAS LTDA          18122012000000000261946000000000000000000000000000000181220120000000002619460000000000000001959                900002249           09      00        
0330002300028Z70976E19A26BC9FFCF7969F                                         PGTFORNB18122012900002249                                                                                                                               00        
0330002300029J00039996555100000633482315305043005313093513001REAL MOTO PECAS LTDA          18122012000000000063348000000000000000000000000000000181220120000000000633480000000000000001960                900002250           09      00        
0330002300030Z70976E178830C1E363E43E6                                         PGTFORNB18122012900002250                                                                                                                               00        
0330002300031J00039992555100000238831764969436204540575219001TRELLEBORG AUTOMOTIVE DO BRASI18122012000000000023883000000000000000000000000000000181220120000000000238830000000000000001961                900002251           09      00        
0330002300032Z70976E1D84756F270195B84                                         PGTFORNB18122012900002251                                                                                                                               00        
0330002300033J00039996555100000352141764969423004540575219001TRELLEBORG AUTOMOTIVE DO BRASI18122012000000000035214000000000000000000000000000000181220120000000000352140000000000000001962                900002252           09      00        
0330002300034Z70976E11248EC5A8324CB14                                         PGTFORNB18122012900002252                                                                                                                               00        
0330002300035J00000195555100000522310000001291892000004427617VESPOR AUTOMOTIVE DIST DE AUTO18122012000000000052231000000000000000000000000000000181220120000000000522310000000000000001963                900002253           09      00        
0330002300036Z70976E1DE332BA8BA8BB513                                         PGTFORNB18122012900002253                                                                                                                               00        
0330002300037J00000191555100001471300000001291892000004426817VESPOR AUTOMOTIVE DIST DE AUTO18122012000000000147130000000000000000000000000000000181220120000000001471300000000000000001964                900002254           09      00        
0330002300038Z70976E187D2C01AA5CA80F7                                         PGTFORNB18122012900002254                                                                                                                               00        
0330002300039J00023797555100001303023395001200005639800086350DECAR AUTOPECAS LTDA          18122012000000000130302000000000000000000000000000000181220120000000001303020000000000000001944                900002235           09      00        
0330002300040Z70976E152941E7696EB7642                                         PGTFORNB18122012900002235                                                                                                                               00        
03300025         000042000000000002915362000000000000000000311218                                                                                                                                                                               
03399999         000002000054000000                                                                                                                                                                                                             
