03300000         2054375370001370033006500490028050300065 0000480000414 AUTO GERAL DE ITU LTDA        SANTANDER                               22412201210263400012006000000                                                                     
03300011C2011030 2054375370001370033006500490028050300065 0000480000414 AUTO GERAL DE ITU LTDA                                                                              00000                                   00000000                    
0330001300001O00083660000009856801103002212032380210018467784CIA PIRATININGA DE FORCA E LUZ24122012241220120000000000985682236                900002525                                                                               00        
0330001300002Z70976E1741054B25C18B475                                         PGTFORNB24122012900002525                                                                                                                               00        
03300015         000004000000000000098568000000000000000000111224                                                                                                                                                                               
03300021C2016030 2054375370001370033006500490028050300065 0000480000414 AUTO GERAL DE ITU LTDA                                                                              00000                                   00000000                    
0330002300001N0002234                900002523           AUTO GERAL DE ITU LTDA        24122012000000000448108008109020543753700013716301120120000000000000000000000000044810800000000000000000000000000000024122012                  00        
0330002300002Z70976E1C8B184E5F4ECE177                                         PGTFORNB24122012900002523                                                                                                                               00        
0330002300003N0002235                900002524           AUTO GERAL DE ITU LTDA        24122012000000002068190002172020543753700013716301120120000000000000000000000000206819000000000000000000000000000000024122012                  00        
0330002300004Z70976E1CEB8938AF140C1CA                                         PGTFORNB24122012900002524                                                                                                                               00        
03300025         000006000000000002516298000000000000000000161224                                                                                                                                                                               
03399999         000002000012000000                                                                                                                                                                                                             
