03300000         2054375370001370033006500490028050300065 0000480000414 AUTO GERAL DE ITU LTDA        SANTANDER                               22101201302535200017106000000                                                                     
03300011C2030030 2054375370001370033006500490028050300065 0000480000414 AUTO GERAL DE ITU LTDA                                                                              00000                                   00000000                    
0330001300001J00003391558300001357399421259200000000418740101GUMP MOTORS COMPONENTES AUTOMO19012013000000000135739000000000000000000000000000000210120130000000001357390000000000000003040                900003316           09      00        
0330001300002Z70976E149A1300753E4DA76                                         PGTFORNB21012013900003316                                                                                                                               00        
0330001300003J00003391558500000543669173505500000005830220203BODIPASA BOMBAS DIESEL PAULIST21012013000000000054366000000000000000000000000000000210120130000000000543660000000000000003074                900003317           09      00        
0330001300004Z70976E1787B7CDC449747BA                                         PGTFORNB21012013900003317                                                                                                                               00        
0330001300005J00003393558500001745209482966200000024119540104CAR CENTRAL DE AUTOPECAS E ROL21012013000000000174520000000000000000000000000000000210120130000000001745200000000000000003075                900003318           09      00        
0330001300006Z70976E167950B0B5B2D2BD9                                         PGTFORNB21012013900003318                                                                                                                               00        
0330001300007J00035695558500000093900689070323440000004897996DISTRIBUIDORA AUTOMOTIVA S/A  21012013000000000009390000000000000000000000000000000210120130000000000093900000000000000003087                900003372           09      00        
0330001300008Z70976E122F4A0CBEDE4D2ED                                         PGTFORNB21012013900003372                                                                                                                               00        
0330001300009J00035695558500001354280689070323450000004897995DISTRIBUIDORA AUTOMOTIVA S/A  21012013000000000135428000000000000000000000000000000210120130000000001354280000000000000003088                900003373           09      00        
0330001300010Z70976E14FC09CD46719AC5A                                         PGTFORNB21012013900003373                                                                                                                               00        
0330001300011J00035691558500000541220689070323480000004897984DISTRIBUIDORA AUTOMOTIVA S/A  21012013000000000054122000000000000000000000000000000210120130000000000541220000000000000003089                900003374           09      00        
0330001300012Z70976E1304BA4273BA54B4F                                         PGTFORNB21012013900003374                                                                                                                               00        
0330001300013J00003393558500001064009216580500000000864600104J M CHAVES CARBURADORES ME    21012013000000000106400000000000000000000000000000000210120130000000001064000000000000000003101                900003319           09      00        
0330001300014Z70976E1C2FBD0F7094FFFB0                                         PGTFORNB21012013900003319                                                                                                                               00        
0330001300015J00003392558500000629469474127700000007011220203LUPORINI DISTR DE AUTOPECAS LT21012013000000000062946000000000000000000000000000000210120130000000000629460000000000000003105                900003320           09      00        
0330001300016Z70976E13321D8D5A4479107                                         PGTFORNB21012013900003320                                                                                                                               00        
03300015         000018000000000000732911000000000000000000300121                                                                                                                                                                               
03300021C2031030 2054375370001370033006500490028050300065 0000480000414 AUTO GERAL DE ITU LTDA                                                                              00000                                   00000000                    
0330002300001J00023795558300004303011316090000009779500009000APS DISTRIBUIDORA DE AUTOPECAS19012013000000000430301000000000000000000000000000000210120130000000004303010000000000000003033                900003321           09      00        
0330002300002Z70976E1B2F93A22C025CE7D                                         PGTFORNB21012013900003321                                                                                                                               00        
0330002300003J00023794558400000117602709091330155090800148090GUETTI COML ATACADISTA LTDA   20012013000000000011760000000000000000000000000000000210120130000000000117600000000000000003057                900003344           09      00        
0330002300004Z70976E120DF6933B66D9749                                         PGTFORNB21012013900003344                                                                                                                               00        
0330002300005J00034195558400000344761090008546272938050420000ITA PECAS PARA VEIC COM E SERV20012013000000000034476000000000000000000000000000000210120130000000000344760000000000000003058                900003345           09      00        
0330002300006Z70976E150434CF1A2986ECA                                         PGTFORNB21012013900003345                                                                                                                               00        
0330002300007J00000192558400000143550000001216979443457467031NOVA DISTRIBUIDORA DE VEICULOS20012013000000000014355000000000000000000000000000000210120130000000000143550000000000000003059                900003346           09      00        
0330002300008Z70976E126FC31EF38D43FD6                                         PGTFORNB21012013900003346                                                                                                                               00        
0330002300009J00000191558400000206570000001216979443123674931NOVA DISTRIBUIDORA DE VEICULOS20012013000000000020657000000000000000000000000000000210120130000000000206570000000000000003060                900003347           09      00        
0330002300010Z70976E1B502FA3F2F552046                                         PGTFORNB21012013900003347                                                                                                                               00        
0330002300011J00023798558400000509862500090256569973200000340ODAPEL DISTRIBUIDORA DE AUTO P20012013000000000050986000000000000000000000000000000210120130000000000509860000000000000003061                900003348           09      00        
0330002300012Z70976E16331566400B8EE19                                         PGTFORNB21012013900003348                                                                                                                               00        
0330002300013J00039992558400000614672315372036305313093513001REAL MOTO PECAS LTDA          20012013000000000061467000000000000000000000000000000210120130000000000614670000000000000003062                900003349           09      00        
0330002300014Z70976E1174A202BCB26505C                                         PGTFORNB21012013900003349                                                                                                                               00        
0330002300015J00023793558400000499683395061180232867400028140ROCHESTER DISTRIBUIDORA DE AUT20012013000000000049968000000000000000000000000000000210120130000000000499680000000000000003063                900003350           09      00        
0330002300016Z70976E1741D63EA6A707CDA                                         PGTFORNB21012013900003350                                                                                                                               00        
0330002300017J00023794558400000485783395061180232867900028140ROCHESTER DISTRIBUIDORA DE AUT20012013000000000048578000000000000000000000000000000210120130000000000485780000000000000003064                900003351           09      00        
0330002300018Z70976E11B56C7D43F062F19                                         PGTFORNB21012013900003351                                                                                                                               00        
0330002300019J00023791558400000841193367023367761431300002920VALEC MOTORS LTDA             20012013000000000084119000000000000000000000000000000210120130000000000841190000000000000003065                900003352           09      00        
0330002300020Z70976E1037D6F1771A2A846                                         PGTFORNB21012013900003352                                                                                                                               00        
0330002300021J00000191558400001067380000001148003000007157917VESPOR AUTOMOTIVE DIST DE AUTO20012013000000000106738000000000000000000000000000000210120130000000001067380000000000000003066                900003353           09      00        
0330002300022Z70976E1C46046D6D2C6EDFA                                         PGTFORNB21012013900003353                                                                                                                               00        
0330002300023J00000194558400002943380000001291892000004522417VESPOR AUTOMOTIVE DIST DE AUTO20012013000000000294338000000000000000000000000000000210120130000000002943380000000000000003067                900003354           09      00        
0330002300024Z70976E19EAF32FA97FF50ED                                         PGTFORNB21012013900003354                                                                                                                               00        
0330002300025J00023792558300001338913372091130040511800731020MAGGI AUTOMOVEIS LTDA         19012013000000000133891000000000000000000000000000000210120130000000001338910000000000000003068                900003355           09      00        
0330002300026Z70976E13236D06DC1838D94                                         PGTFORNB21012013900003355                                                                                                                               00        
0330002300027J00000196558400000095000000002219956000065236018SERVTRONICA SEGURANCA ELETRONI20012013000000000009500000000000000000000000000000000210120130000000000095000000000000000003069                900003356           09      00        
0330002300028Z70976E134A5CF611AD27445                                         PGTFORNB21012013900003356                                                                                                                               00        
0330002300029J00034191558300002980951750000118326890006866000NETWORK MAST C S I LTDA ME    19012013000000000298095000000000000000000000000000000210120130000000002980950000000000000003070                900003357           09      00        
0330002300030Z70976E144FEFEF5DA5F56C4                                         PGTFORNB21012013900003357                                                                                                                               00        
0330002300031J00023797558400000003440364060000212237100001400PREFEITURA MUNICIPAL DE PORTO 20012013000000000000344000000000000000000000000000000210120130000000000003440000000000000003071                900003358           09      00        
0330002300032Z70976E1A8B3D2994465B680                                         PGTFORNB21012013900003358                                                                                                                               00        
0330002300033J00000199558500001362270443038352318690003493111J. INVEST MAXX FACTORING FOMEN21012013000000000136227000000000000000000000000000000210120130000000001362270000000000000003072                900003359           09      00        
0330002300034Z70976E1650C479A1EEDAE5F                                         PGTFORNB21012013900003359                                                                                                                               00        
0330002300035J00039991558500000241051767005094711960078237001BAP AUTOMOTIVA LTDA           21012013000000000024105000000000000000000000000000000210120130000000000241050000000000000003073                900003360           09      00        
0330002300036Z70976E1BE47A7587F71ECE5                                         PGTFORNB21012013900003360                                                                                                                               00        
0330002300037J00039992558500000144441767010720504061860231001CAR CENTRAL DE AUTOPECAS E ROL21012013000000000014444000000000000000000000000000000210120130000000000144440000000000000003076                900003361           09      00        
0330002300038Z70976E1731E8BD68A4722B2                                         PGTFORNB21012013900003361                                                                                                                               00        
0330002300039J00023791558500000466003262090000033541700935470COMDIP COMERCIAL DISTR DE PECA21012013000000000046600000000000000000000000000000000210120130000000000466000000000000000003077                900003362           09      00        
0330002300040Z70976E1EEFBAA94ACC45219                                         PGTFORNB21012013900003362                                                                                                                               00        
0330002300041J00023797558500010091480311061301389857100829680COMERCIAL AUTOMOTIVA S.A.     21012013000000001009148000000000000000000000000000000210120130000000010091480000000000000003078                900003363           09      00        
0330002300042Z70976E19F9F7A1498186ED0                                         PGTFORNB21012013900003363                                                                                                                               00        
0330002300043J00023797558500000317152002061301392635100829680COMERCIAL AUTOMOTIVA S.A.     21012013000000000031715000000000000000000000000000000210120130000000000317150000000000000003079                900003364           09      00        
0330002300044Z70976E1252741287825E670                                         PGTFORNB21012013900003364                                                                                                                               00        
0330002300045J00023792558500001124262002061301389698100829680COMERCIAL AUTOMOTIVA S.A.     21012013000000000112426000000000000000000000000000000210120130000000001124260000000000000003080                900003365           09      00        
0330002300046Z70976E1358B7E9675B3276C                                         PGTFORNB21012013900003365                                                                                                                               00        
0330002300047J00023796558500001284410311061301389781100829680COMERCIAL AUTOMOTIVA S.A.     21012013000000000128441000000000000000000000000000000210120130000000001284410000000000000003081                900003366           09      00        
0330002300048Z70976E1DA514B3CDB9C0EF2                                         PGTFORNB21012013900003366                                                                                                                               00        
0330002300049J00034194558500000506301126927914300765234976000GIANCAR DISTR AUTO PECAS LTDA 21012013000000000050630000000000000000000000000000000210120130000000000506300000000000000003097                900003382           09      00        
0330002300050Z70976E1B5D519DA0B8201DB                                         PGTFORNB21012013900003382                                                                                                                               00        
0330002300051J00034191558500000115671090304333210109276204000GIRANDO COMERCIO DE PECAS LTDA21012013000000000011567000000000000000000000000000000210120130000000000115670000000000000003098                900003383           09      00        
0330002300052Z70976E1384F4A9E6B1B0B60                                         PGTFORNB21012013900003383                                                                                                                               00        
0330002300053J00034196558500000263171090304332060109276204000GIRANDO COMERCIO DE PECAS LTDA21012013000000000026317000000000000000000000000000000210120130000000000263170000000000000003099                900003384           09      00        
0330002300054Z70976E176D51D704EA5CA75                                         PGTFORNB21012013900003384                                                                                                                               00        
0330002300055J00034196558500000586811090304336020109276204000GIRANDO COMERCIO DE PECAS LTDA21012013000000000058681000000000000000000000000000000210120130000000000586810000000000000003100                900003385           09      00        
0330002300056Z70976E1EA070F4C816FF280                                         PGTFORNB21012013900003385                                                                                                                               00        
0330002300057J00034196558500000971501127363926822395022557000KOGA KOGA CIA LTDA            21012013000000000097150000000000000000000000000000000210120130000000000971500000000000000003102                900003386           09      00        
0330002300058Z70976E186BD17FD2C6A719A                                         PGTFORNB21012013900003386                                                                                                                               00        
0330002300059J00034191558500011851121127363926742395022557000KOGA KOGA CIA LTDA            21012013000000001185112000000000000000000000000000000210120130000000011851120000000000000003103                900003387           09      00        
0330002300060Z70976E1FB1EA045BEC901C9                                         PGTFORNB21012013900003387                                                                                                                               00        
0330002300061J00034193558500009351681127363926662395022557000KOGA KOGA CIA LTDA            21012013000000000935168000000000000000000000000000000210120130000000009351680000000000000003104                900003388           09      00        
0330002300062Z70976E18B6B2B5000B336E3                                         PGTFORNB21012013900003388                                                                                                                               00        
0330002300063J00023792558500002033962500090256570040100000340ODAPEL DISTRIBUIDORA DE AUTO P21012013000000000203396000000000000000000000000000000210120130000000002033960000000000000003106                900003389           09      00        
0330002300064Z70976E1DD8330E811F00269                                         PGTFORNB21012013900003389                                                                                                                               00        
0330002300065J00023791558500000286140138092338000004101370000BBL SISTEMAS OPERACIONAIS LTDA21012013000000000028614000000000000000000000000000000210120130000000000286140000000000000003090                900003375           09      00        
0330002300066Z70976E159F5618D025ED363                                         PGTFORNB21012013900003375                                                                                                                               00        
0330002300067J00034191558500001240321124639344662938000052000EATON LTDA                    21012013000000000124032000000000000000000000000000000210120130000000001240320000000000000003091                900003376           09      00        
0330002300068Z70976E11046C186E66182EC                                         PGTFORNB21012013900003376                                                                                                                               00        
0330002300069J00023794558300008708093390023007000000700499980DPF AUTO PECAS LTDA           19012013000000000870809000000000000000000000000000000210120130000000008708090000000000000003034                900003322           09      00        
0330002300070Z70976E10F1217987D4820F0                                         PGTFORNB21012013900003322                                                                                                                               00        
0330002300071J00034197558300000756361126256877962938000052000EATON LTDA                    19012013000000000075636000000000000000000000000000000210120130000000000756360000000000000003035                900003323           09      00        
0330002300072Z70976E147017B6E9537D8A4                                         PGTFORNB21012013900003323                                                                                                                               00        
0330002300073J00034197558300000093591126256799342938000052000EATON LTDA                    19012013000000000009359000000000000000000000000000000210120130000000000093590000000000000003036                900003324           09      00        
0330002300074Z70976E1E9BDB9639F2B0156                                         PGTFORNB21012013900003324                                                                                                                               00        
0330002300075J00034194558500000273691124639344902938000052000EATON LTDA                    21012013000000000027369000000000000000000000000000000210120130000000000273690000000000000003092                900003377           09      00        
0330002300076Z70976E12311AB2EFC673EFB                                         PGTFORNB21012013900003377                                                                                                                               00        
0330002300077J00034191558500001228011126362802192938000052000EATON LTDA                    21012013000000000122801000000000000000000000000000000210120130000000001228010000000000000003093                900003378           09      00        
0330002300078Z70976E11F854E90470A3144                                         PGTFORNB21012013900003378                                                                                                                               00        
0330002300079J00034198558500000219431127216591112938000052000EATON LTDA                    21012013000000000021943000000000000000000000000000000210120130000000000219430000000000000003094                900003379           09      00        
0330002300080Z70976E181A428B646905D03                                         PGTFORNB21012013900003379                                                                                                                               00        
0330002300081J00034193558500000580261127216601682938000052000EATON LTDA                    21012013000000000058026000000000000000000000000000000210120130000000000580260000000000000003095                900003380           09      00        
0330002300082Z70976E1417C1AE5C4C5DD42                                         PGTFORNB21012013900003380                                                                                                                               00        
0330002300083J00023796558500000600002374192305000055200619430ORIGINAL VEICULOS LTDA        21012013000000000060000000000000000000000000000000000210120130000000000600000000000000000003107                900003390           09      00        
0330002300084Z70976E111AB824713118A77                                         PGTFORNB21012013900003390                                                                                                                               00        
0330002300085J00039996558500001006208144667911204540096965001PELLEGRINO DISTRIBUIDORA DE AU21012013000000000100620000000000000000000000000000000210120130000000001006200000000000000003108                900003391           09      00        
0330002300086Z70976E1C376197EF54D19A6                                         PGTFORNB21012013900003391                                                                                                                               00        
0330002300087J00039991558500000361368144667880904540096965001PELLEGRINO DISTRIBUIDORA DE AU21012013000000000036136000000000000000000000000000000210120130000000000361360000000000000003109                900003392           09      00        
0330002300088Z70976E195E79596EE9E7B60                                         PGTFORNB21012013900003392                                                                                                                               00        
0330002300089J00039994558500000494356696534575304540096965001PELLEGRINO DISTRIBUIDORA DE AU21012013000000000049435000000000000000000000000000000210120130000000000494350000000000000003110                900003393           09      00        
0330002300090Z70976E1920D9ECFA6A530B5                                         PGTFORNB21012013900003393                                                                                                                               00        
0330002300091J00023793558500001501733684190000018448800673000POLIPECAS DISTRIBUIDORA AUTOMO21012013000000000150173000000000000000000000000000000210120130000000001501730000000000000003111                900003394           09      00        
0330002300092Z70976E18D578F564DE71F8A                                         PGTFORNB21012013900003394                                                                                                                               00        
0330002300093J00023798558500002247263684190000018454000673000POLIPECAS DISTRIBUIDORA AUTOMO21012013000000000224726000000000000000000000000000000210120130000000002247260000000000000003112                900003395           09      00        
0330002300094Z70976E16CDCB3137D3A6363                                         PGTFORNB21012013900003395                                                                                                                               00        
0330002300095J00039991558500009733812315376958305313093513001REAL MOTO PECAS LTDA          21012013000000000973381000000000000000000000000000000210120130000000009733810000000000000003113                900003396           09      00        
0330002300096Z70976E13F9DDDC1EBA116CF                                         PGTFORNB21012013900003396                                                                                                                               00        
0330002300097J00023791558500000502853395061180232872000028140ROCHESTER DISTRIBUIDORA DE AUT21012013000000000050285000000000000000000000000000000210120130000000000502850000000000000003114                900003397           09      00        
0330002300098Z70976E1E429AC08CD60830A                                         PGTFORNB21012013900003397                                                                                                                               00        
0330002300099J00000194558500011010280000002175416000003085317SK AUTOMOTIVE S/A DISTR AUTOPE21012013000000001101028000000000000000000000000000000210120130000000011010280000000000000003115                900003398           09      00        
0330002300100Z70976E1A683B9CF791A2BEA                                         PGTFORNB21012013900003398                                                                                                                               00        
0330002300101J00000191558500001853890000002175416000003091717SK AUTOMOTIVE S/A DISTR AUTOPE21012013000000000185389000000000000000000000000000000210120130000000001853890000000000000003116                900003399           09      00        
0330002300102Z70976E11108D5E12B8C1893                                         PGTFORNB21012013900003399                                                                                                                               00        
0330002300103J00000199558500000691460000001451450000035516717SK AUTOMOTIVE S/A DISTR AUTOPE21012013000000000069146000000000000000000000000000000210120130000000000691460000000000000003117                900003400           09      00        
0330002300104Z70976E10F7BA3631B1B2E48                                         PGTFORNB21012013900003400                                                                                                                               00        
0330002300105J00034192558500000890731127216599052938000052000EATON LTDA                    21012013000000000089073000000000000000000000000000000210120130000000000890730000000000000003096                900003381           09      00        
0330002300106Z70976E152F1D0F6B485D9FD                                         PGTFORNB21012013900003381                                                                                                                               00        
0330002300107J00034195558300001887281126256876222938000052000EATON LTDA                    19012013000000000188728000000000000000000000000000000210120130000000001887280000000000000003037                900003325           09      00        
0330002300108Z70976E191336B63C0632EC0                                         PGTFORNB21012013900003325                                                                                                                               00        
0330002300109J00034192558300000236771126736502582938000052000EATON LTDA                    19012013000000000023677000000000000000000000000000000210120130000000000236770000000000000003038                900003326           09      00        
0330002300110Z70976E135292DBC2CE652E3                                         PGTFORNB21012013900003326                                                                                                                               00        
0330002300111J00034191558300000793061126736502412938000052000EATON LTDA                    19012013000000000079306000000000000000000000000000000210120130000000000793060000000000000003039                900003327           09      00        
0330002300112Z70976E185107A4D585CE54F                                         PGTFORNB21012013900003327                                                                                                                               00        
0330002300113J00023797558300037959603114091294213572501763000BANCO SAFRA S/A               19012013000000003795960000000000000000000000000000000210120130000000037959600000000000000003041                900003328           09      00        
0330002300114Z70976E1E2BA514CE6C97717                                         PGTFORNB21012013900003328                                                                                                                               00        
0330002300115J00023796558300000486142500090256569884300000340ODAPEL DISTRIBUIDORA DE AUTO P19012013000000000048614000000000000000000000000000000210120130000000000486140000000000000003042                900003329           09      00        
0330002300116Z70976E1E74BCE9F8A413020                                         PGTFORNB21012013900003329                                                                                                                               00        
0330002300117J00023796558300000167142500090256569889400000340ODAPEL DISTRIBUIDORA DE AUTO P19012013000000000016714000000000000000000000000000000210120130000000000167140000000000000003043                900003330           09      00        
0330002300118Z70976E10964C6F01C67C46A                                         PGTFORNB21012013900003330                                                                                                                               00        
0330002300119J00023795558300000160002857091323550713000000320RIO PARDO COMERCIAL E DISTRIBU19012013000000000016000000000000000000000000000000000210120130000000000160000000000000000003044                900003331           09      00        
0330002300120Z70976E1914D42B94DDD45AF                                         PGTFORNB21012013900003331                                                                                                                               00        
0330002300121J00023796558500000365383395090000005075600650000SORANA SUL                    21012013000000000036538000000000000000000000000000000210120130000000000365380000000000000003118                900003401           09      00        
0330002300122Z70976E12DFCF2A6A900566E                                         PGTFORNB21012013900003401                                                                                                                               00        
0330002300123J00023795558500000400554130074130006028000050880SOUZA RAMOS COM E IMP LTDA    21012013000000000040055000000000000000000000000000000210120130000000000400550000000000000003119                900003402           09      00        
0330002300124Z70976E1B6FF8C81E706FAA2                                         PGTFORNB21012013900003402                                                                                                                               00        
0330002300125J00023793558500004549283178190000018281600421050TUPER DISTRIB. PROD. METALURGI21012013000000000454928000000000000000000000000000000210120130000000004549280000000000000003120                900003403           09      00        
0330002300126Z70976E159F65E6FFD063C85                                         PGTFORNB21012013900003403                                                                                                                               00        
0330002300127J00039993558500000132221766459018204540079149001BANCO SOFISA SA               21012013000000000013222000000000000000000000000000000210120130000000000132220000000000000003121                900003404           09      00        
0330002300128Z70976E1F03A2D1CF13406B9                                         PGTFORNB21012013900003404                                                                                                                               00        
0330002300129J00039991558500000362001766459017404540079149001BANCO SOFISA SA               21012013000000000036200000000000000000000000000000000210120130000000000362000000000000000003122                900003405           09      00        
0330002300130Z70976E1C42F3367F3A524C4                                         PGTFORNB21012013900003405                                                                                                                               00        
0330002300131J00023799558500005563600448051009512122501533990BRADESCO SAUDE S/A            21012013000000000556360000000000000000000000000000000210120130000000005563600000000000000003123                900003406           09      00        
0330002300132Z70976E1C41FCF9691F4D1BE                                         PGTFORNB21012013900003406                                                                                                                               00        
0330002300133J00023793558500002016602372196600101083100360080TELEFONICA BRASIL S/A         21012013000000000201660000000000000000000000000000000210120130000000002016600000000000000003124                900003407           09      00        
0330002300134Z70976E12236C7003FC3ED46                                         PGTFORNB21012013900003407                                                                                                                               00        
0330002300135J00034197558400002193733588930809130452842032000ONIN DISTR DE AUTOPECAS LTDA  20012013000000000219373000000000000000000000000000000210120130000000002193730000000000000003128                900003408           09      00        
0330002300136Z70976E1095D1EE40A3AE5F2                                         PGTFORNB21012013900003408                                                                                                                               00        
0330002300137J00000195558500002398694584341719700370004790718DB DISTRIBUIDORA DE BATERIAS L21012013000000000239869000000000000000000000000000000210120130000000002398690000000000000003082                900003367           09      00        
0330002300138Z70976E1B9587040CF4EC9E3                                         PGTFORNB21012013900003367                                                                                                                               00        
0330002300139J00000191558500001063194584341719400370004790718DB DISTRIBUIDORA DE BATERIAS L21012013000000000106319000000000000000000000000000000210120130000000001063190000000000000003083                900003368           09      00        
0330002300140Z70976E140D69D303BD12864                                         PGTFORNB21012013900003368                                                                                                                               00        
0330002300141J00000191558500002087734584341719500370004790718DB DISTRIBUIDORA DE BATERIAS L21012013000000000208773000000000000000000000000000000210120130000000002087730000000000000003084                900003369           09      00        
0330002300142Z70976E1A179C24B0F35EB1C                                         PGTFORNB21012013900003369                                                                                                                               00        
0330002300143J00000191558500002744504584341719600370004790718DB DISTRIBUIDORA DE BATERIAS L21012013000000000274450000000000000000000000000000000210120130000000002744500000000000000003085                900003370           09      00        
0330002300144Z70976E1BE76FF45249677C6                                         PGTFORNB21012013900003370                                                                                                                               00        
0330002300145J00034193558500000988511126184011972938030539000DELPHI AUTOM SYSTEMS BR LTDA  21012013000000000098851000000000000000000000000000000210120130000000000988510000000000000003086                900003371           09      00        
0330002300146Z70976E1BA802370BC5D0D12                                         PGTFORNB21012013900003371                                                                                                                               00        
0330002300147J00023791558300000280503395061180232866700028140ROCHESTER DISTRIBUIDORA DE AUT19012013000000000028050000000000000000000000000000000210120130000000000280500000000000000003045                900003332           09      00        
0330002300148Z70976E127FDFF5D84691B4D                                         PGTFORNB21012013900003332                                                                                                                               00        
0330002300149J00034195558400000473201126821356060237417159000ACCIOLY SA IMP E COM          20012013000000000047320000000000000000000000000000000210120130000000000473200000000000000003046                900003333           09      00        
0330002300150Z70976E1772FAE9652896D97                                         PGTFORNB21012013900003333                                                                                                                               00        
0330002300151J00034199558400000834081127176958970237417159000ACCIOLY SA IMP E COM          20012013000000000083408000000000000000000000000000000210120130000000000834080000000000000003047                900003334           09      00        
0330002300152Z70976E119B6175AB4DB8E79                                         PGTFORNB21012013900003334                                                                                                                               00        
0330002300153J00034199558400000480001126129016711248021303000BANCO FIBRA SA                20012013000000000048000000000000000000000000000000000210120130000000000480000000000000000003048                900003335           09      00        
0330002300154Z70976E1513AF2CD65E8BC0C                                         PGTFORNB21012013900003335                                                                                                                               00        
0330002300155J00034191558400000362001127149286480076000777000CENTER PECAS FABBRI LTDA      20012013000000000036200000000000000000000000000000000210120130000000000362000000000000000003049                900003336           09      00        
0330002300156Z70976E133847FE1D16925D1                                         PGTFORNB21012013900003336                                                                                                                               00        
0330002300157J00034194558400000042611126298830782938000052000CENTER PECAS FABBRI LTDA      20012013000000000004261000000000000000000000000000000210120130000000000042610000000000000003050                900003337           09      00        
0330002300158Z70976E1867E2DBAD7E0589D                                         PGTFORNB21012013900003337                                                                                                                               00        
0330002300159J00034199558400000279671126298820542938000052000EATON LTDA                    20012013000000000027967000000000000000000000000000000210120130000000000279670000000000000003051                900003338           09      00        
0330002300160Z70976E1D3D520F70F170861                                         PGTFORNB21012013900003338                                                                                                                               00        
0330002300161J00034191558400000563191126774921782938000052000EATON LTDA                    20012013000000000056319000000000000000000000000000000210120130000000000563190000000000000003052                900003339           09      00        
0330002300162Z70976E1CB778D9CD98ACFB1                                         PGTFORNB21012013900003339                                                                                                                               00        
0330002300163J00034192558400002689661127179670982938000052000EATON LTDA                    20012013000000000268966000000000000000000000000000000210120130000000002689660000000000000003053                900003340           09      00        
0330002300164Z70976E161B76DDC6023EE8F                                         PGTFORNB21012013900003340                                                                                                                               00        
0330002300165J00034195558400000607371127179669342938000052000EATON LTDA                    20012013000000000060737000000000000000000000000000000210120130000000000607370000000000000003054                900003341           09      00        
0330002300166Z70976E120C5786EFAABC66B                                         PGTFORNB21012013900003341                                                                                                                               00        
0330002300167J00039997558400000434381764692769204570524809001F CONFUORTO IND COM PCS LTDA  20012013000000000043438000000000000000000000000000000210120130000000000434380000000000000003055                900003342           09      00        
0330002300168Z70976E14C4063F430B6A482                                         PGTFORNB21012013900003342                                                                                                                               00        
0330002300169J00023792558400000648422709091330155086700148090GUETTI COML ATACADISTA LTDA   20012013000000000064842000000000000000000000000000000210120130000000000648420000000000000003056                900003343           09      00        
0330002300170Z70976E11BC3843D7C2436B4                                         PGTFORNB21012013900003343                                                                                                                               00        
03300025         000172000000000017573786000000000000000000310121                                                                                                                                                                               
03399999         000002000192000000                                                                                                                                                                                                             
