03300000         2054375370001370033006500490028050300065 0000480000414 AUTO GERAL DE ITU LTDA        SANTANDER                               20911201202571700003506000000                                                                     
03300011C2030030 2054375370001370033006500490028050300065 0000480000414 AUTO GERAL DE ITU LTDA                                                                              00000                                   00000000                    
0330001300001J00003395551200002804019482966200000020746210104CAR CENTRAL DE AUTOPECAS E ROL0911201200000000028040100000000000000000000000000000009112012000000000280401000000000000000585                 900000873           09      00        
0330001300002Z70976E1CC1307886D30A1F1                                         PGTFORNB09112012900000873                                                                                                                               00        
0330001300003J00003392551200001032759482966200000021155060104CAR CENTRAL DE AUTOPECAS E ROL0911201200000000010327500000000000000000000000000000009112012000000000103275000000000000000586                 900000874           09      00        
0330001300004Z70976E1435BD30DBB910495                                         PGTFORNB09112012900000874                                                                                                                               00        
0330001300005J00003394551200000640099482966200000020747610104CAR CENTRAL DE AUTOPECAS E ROL0911201200000000006400900000000000000000000000000000009112012000000000064009000000000000000587                 900000875           09      00        
0330001300006Z70976E1C55BB2586C845AD2                                         PGTFORNB09112012900000875                                                                                                                               00        
0330001300007J00003398551200001503359482966200000020747370104CAR CENTRAL DE AUTOPECAS E ROL0911201200000000015033500000000000000000000000000000009112012000000000150335000000000000000588                 900000876           09      00        
0330001300008Z70976E183DA673235FEFF9D                                         PGTFORNB09112012900000876                                                                                                                               00        
0330001300009J00003396551200000579809421259200000000346650101GUMP MOTORS COMP AUTOM LTDA   0911201200000000005798000000000000000000000000000000009112012000000000057980000000000000000609                 900000877           09      00        
0330001300010Z70976E159AA5EE122A6EC3D                                         PGTFORNB09112012900000877                                                                                                                               00        
0330001300011J00035698551200002181820689070323480000005551879DISTRIBUIDORA AUTOMOTIVA SA   0911201200000000021818200000000000000000000000000000009112012000000000218182000000000000000600                 900000892           09      00        
0330001300012Z70976E150A500FA0E67605C                                         PGTFORNB09112012900000892                                                                                                                               00        
0330001300013J00035694551200000752380689070323420000004888690DISTRIBUIDORA AUTOMOTIVA SA   0911201200000000007523800000000000000000000000000000009112012000000000075238000000000000000601                 900000893           09      00        
0330001300014Z70976E1F234DA68BF95D5CC                                         PGTFORNB09112012900000893                                                                                                                               00        
0330001300015J00035696551200000461100689070323410000004888691DISTRIBUIDORA AUTOMOTIVA SA   0911201200000000004611000000000000000000000000000000009112012000000000046110000000000000000602                 900000894           09      00        
0330001300016Z70976E1411C6E273CA5352F                                         PGTFORNB09112012900000894                                                                                                                               00        
0330001300017J00035692551200000182040689070323490000004888651DISTRIBUIDORA AUTOMOTIVA SA   0911201200000000001820400000000000000000000000000000009112012000000000018204000000000000000603                 900000895           09      00        
0330001300018Z70976E1859D2FAC525F89AB                                         PGTFORNB09112012900000895                                                                                                                               00        
03300015         000020000000000001013734000000000000000000301109                                                                                                                                                                               
03300021C2031030 2054375370001370033006500490028050300065 0000480000414 AUTO GERAL DE ITU LTDA                                                                              00000                                   00000000                    
0330002300001J00023795551200000269690138092265000003001453000OBB CONSULTORIA E PARTICIPACOE0911201200000000002696900000000000000000000000000000009112012000000000026969000000000000000604                 900000896           09      00        
0330002300002Z70976E1DCD77CE46C727AB4                                         PGTFORNB09112012900000896                                                                                                                               00        
0330002300003J00039995551200003528152053151144205313093513001REAL MOTO PECAS LTDA          0911201200000000035281500000000000000000000000000000009112012000000000352815000000000000000618                 900000909           09      00        
0330002300004Z70976E1BB5284A6610DAD41                                         PGTFORNB09112012900000909                                                                                                                               00        
0330002300005J00039991551200000503102053140398405313093513001REAL MOTO PECAS LTDA          0911201200000000005031000000000000000000000000000000009112012000000000050310000000000000000619                 900000910           09      00        
0330002300006Z70976E15B0497C4F98C2E22                                         PGTFORNB09112012900000910                                                                                                                               00        
0330002300007J00039996551200000502132053139951005313093513001REAL MOTO PECAS LTDA          0911201200000000005021300000000000000000000000000000009112012000000000050213000000000000000620                 900000911           09      00        
0330002300008Z70976E1ADA3AD3649CA779F                                         PGTFORNB09112012900000911                                                                                                                               00        
0330002300009J00039998551200002205212053140373905313093513001REAL MOTO PECAS LTDA          0911201200000000022052100000000000000000000000000000009112012000000000220521000000000000000621                 900000912           09      00        
0330002300010Z70976E1E65EA6197490A6C1                                         PGTFORNB09112012900000912                                                                                                                               00        
0330002300011J00023798551200000424263395061180232799500028140ROCHESTER DISTR DE AUTOPECAS S0911201200000000004242600000000000000000000000000000009112012000000000042426000000000000000622                 900000913           09      00        
0330002300012Z70976E1D726DF0534EC5682                                         PGTFORNB09112012900000913                                                                                                                               00        
0330002300013J00000192551200000762880000002175416000002590017SK AUTOMOTIVE SA DISTR AUTOPCS0911201200000000007628800000000000000000000000000000009112012000000000076288000000000000000623                 900000914           09      00        
0330002300014Z70976E14C0D9DE10C4F7602                                         PGTFORNB09112012900000914                                                                                                                               00        
0330002300015J00039999551200001608281762780780511960078237001BAP AUTOMOTIVA LTDA           0911201200000000016082800000000000000000000000000000009112012000000000160828000000000000000582                 900000878           09      00        
0330002300016Z70976E17B1F58F05DE1D0D6                                         PGTFORNB09112012900000878                                                                                                                               00        
0330002300017J00039997551200002567921762782044511960078237001BAP AUTOMOTIVA LTDA           0911201200000000025679200000000000000000000000000000009112012000000000256792000000000000000583                 900000879           09      00        
0330002300018Z70976E1CEE765FB9A24CAED                                         PGTFORNB09112012900000879                                                                                                                               00        
0330002300019J00034193551200000704251123663825651248021303000BANCO FIBRA SA                0911201200000000007042500000000000000000000000000000009112012000000000070425000000000000000584                 900000880           09      00        
0330002300020Z70976E1FA8E9C95EDB82BB7                                         PGTFORNB09112012900000880                                                                                                                               00        
0330002300021J00034191551200000024401124863226400076000777000CENTER PECAS FABBRI LTDA      0911201200000000000244000000000000000000000000000000009112012000000000002440000000000000000589                 900000881           09      00        
0330002300022Z70976E102634CB79E13491A                                         PGTFORNB09112012900000881                                                                                                                               00        
0330002300023J00034192551200000018731124949209142938000052000EATON LTDA                    0911201200000000000187300000000000000000000000000000009112012000000000001873000000000000000605                 900000897           09      00        
0330002300024Z70976E146AD462A55B43FE1                                         PGTFORNB09112012900000897                                                                                                                               00        
0330002300025J00034191551200000747451124008343732938107808000ELIVEL AUTOMOTORES LTDA       0911201200000000007474500000000000000000000000000000009112012000000000074745000000000000000606                 900000898           09      00        
0330002300026Z70976E14973DFA57925DB7D                                         PGTFORNB09112012900000898                                                                                                                               00        
0330002300027J00034199551200000165991090303979630109276204000GIRANDO COM DE PECAS LTDA     0911201200000000001659900000000000000000000000000000009112012000000000016599000000000000000607                 900000899           09      00        
0330002300028Z70976E105D80A16C8872C5B                                         PGTFORNB09112012900000899                                                                                                                               00        
0330002300029J00034199551200004983571090005817530054918966000GT COM LUBRIFICANTES LTDA     0911201200000000049835700000000000000000000000000000009112012000000000498357000000000000000608                 900000900           09      00        
0330002300030Z70976E195DD0B0A339D71BC                                         PGTFORNB09112012900000900                                                                                                                               00        
0330002300031J00034192551200000399983588004404080113402739000INCOPARTS IND C PECAS LTDA EPP0911201200000000003999800000000000000000000000000000009112012000000000039998000000000000000610                 900000901           09      00        
0330002300032Z70976E185A48B2A998E0741                                         PGTFORNB09112012900000901                                                                                                                               00        
0330002300033J00039991551200000235601761936075303280030090001ITAVEMA ITALIA VEIC E MAQUINAS0911201200000000002356000000000000000000000000000000009112012000000000023560000000000000000611                 900000902           09      00        
0330002300034Z70976E1172F7953015FBA29                                         PGTFORNB09112012900000902                                                                                                                               00        
0330002300035J00023798551200001339832500090256566200000000340ODAPEL DISTR DE AUTOPECAS LTDA0911201200000000013398300000000000000000000000000000009112012000000000133983000000000000000612                 900000903           09      00        
0330002300036Z70976E11C2193662340E6BD                                         PGTFORNB09112012900000903                                                                                                                               00        
0330002300037J00039999551200000953588144664777604540096965001PELLEGRINO DISTR DE AUTOPECAS 0911201200000000009535800000000000000000000000000000009112012000000000095358000000000000000613                 900000904           09      00        
0330002300038Z70976E1F984A0677C9524D8                                         PGTFORNB09112012900000904                                                                                                                               00        
0330002300039J00023794551200000142000151091323000006301251750PECA MAIS COM DE AUTOPECAS LTD0911201200000000001420000000000000000000000000000000009112012000000000014200000000000000000614                 900000905           09      00        
0330002300040Z70976E1D47A322D6761EEE6                                         PGTFORNB09112012900000905                                                                                                                               00        
0330002300041J00034199551200000244411125309744380191074004000POLIPECAS COML E IMP LTDA     0911201200000000002444100000000000171100000000000000009112012000000000022730000000000000000615                 900000906           09      00        
0330002300042Z70976E1161235BF2A3EAE64                                         PGTFORNB09112012900000906                                                                                                                               00        
0330002300043J00023798551200001749343684190000016237500673000POLIPECAS DISTR AUTOM LTDA SP 0911201200000000017493400000000000000000000000000000009112012000000000174934000000000000000616                 900000907           09      00        
0330002300044Z70976E1B4465363DDB30D36                                         PGTFORNB09112012900000907                                                                                                                               00        
0330002300045J00039994551200000774362053151800505313093513001REAL MOTO PECAS LTDA          0911201200000000007743600000000000000000000000000000009112012000000000077436000000000000000617                 900000908           09      00        
0330002300046Z70976E1B598F96C38AE5700                                         PGTFORNB09112012900000908                                                                                                                               00        
0330002300047J00034193551200000073501124863226570076000777000CENTER PECAS FABBRI LTDA      0911201200000000000735000000000000000000000000000000009112012000000000007350000000000000000590                 900000882           09      00        
0330002300048Z70976E1C05EAAEB78215B66                                         PGTFORNB09112012900000882                                                                                                                               00        
0330002300049J00034191551200000352001124863225740076000777000CENTER PECAS FABBRI LTDA      0911201200000000003520000000000000000000000000000000009112012000000000035200000000000000000591                 900000883           09      00        
0330002300050Z70976E126298D4FBB31D934                                         PGTFORNB09112012900000883                                                                                                                               00        
0330002300051J00023796551200000850000152091221942655701828310CESAR DE NADAI ME             0911201200000000008500000000000000000000000000000000009112012000000000085000000000000000000592                 900000884           09      00        
0330002300052Z70976E117920AF6A9B15865                                         PGTFORNB09112012900000884                                                                                                                               00        
0330002300053J00023791551200000474013389092303000004900120490CHG AUTOMOTIVA LTDA           0911201200000000004740100000000000000000000000000000009112012000000000047401000000000000000593                 900000885           09      00        
0330002300054Z70976E1F8D451E4205696EE                                         PGTFORNB09112012900000885                                                                                                                               00        
0330002300055J00034198551200007646881125137901080360545834000COBRA ROLAM AUTOPECAS LTDA    0911201200000000076468800000000000000000000000000000009112012000000000764688000000000000000594                 900000886           09      00        
0330002300056Z70976E1B663BFEAA3C97FE8                                         PGTFORNB09112012900000886                                                                                                                               00        
0330002300057J00034199551200001662981125137910720360545834000COBRA ROLAM AUTOPECAS LTDA    0911201200000000016629800000000000000000000000000000009112012000000000166298000000000000000595                 900000887           09      00        
0330002300058Z70976E1B1A6B5A7C1BFF638                                         PGTFORNB09112012900000887                                                                                                                               00        
0330002300059J00034195551200003913521125137904130360545834000COBRA ROLAM AUTOPECAS LTDA    0911201200000000039135200000000000000000000000000000009112012000000000391352000000000000000596                 900000888           09      00        
0330002300060Z70976E14F9B389385A1076E                                         PGTFORNB09112012900000888                                                                                                                               00        
0330002300061J00034195551200001059451570235735904522114471000COML NV MILLENNIUN A P LT EPP 0911201200000000010594500000000000529700000000000000009112012000000000100648000000000000000597                 900000889           09      00        
0330002300062Z70976E1E4A5004B0E447E8C                                         PGTFORNB09112012900000889                                                                                                                               00        
0330002300063J00023792551200001581440119060000000906700682000CORCERAMA COM DE AUTOPECAS LTD0911201200000000015814400000000000000000000000000000009112012000000000158144000000000000000598                 900000890           09      00        
0330002300064Z70976E15E6B45BE1A9C8EB1                                         PGTFORNB09112012900000890                                                                                                                               00        
0330002300065J00034191551200006251381124512998072938036635000DAYCO POWER TRANSMISSION      0911201200000000062513800000000000000000000000000000009112012000000000625138000000000000000599                 900000891           09      00        
0330002300066Z70976E13FE6114F1F3F8A8A                                         PGTFORNB09112012900000891                                                                                                                               00        
0330002300067J00023795551200000640713395090000004829500650000SORANA SUL                    0911201200000000006407100000000000000000000000000000009112012000000000064071000000000000000624                 900000915           09      00        
0330002300068Z70976E1F0D4A8C04EE4F0B4                                         PGTFORNB09112012900000915                                                                                                                               00        
0330002300069J00023792551200000186133395090000004940200650000SORANA SUL                    0911201200000000001861300000000000000000000000000000009112012000000000018613000000000000000625                 900000916           09      00        
0330002300070Z70976E19E530690BD243D18                                         PGTFORNB09112012900000916                                                                                                                               00        
0330002300071J00000199551200015382800000001103966441844515411TARANTO COML IMP E EXP        0911201200000000153828000000000000000000000000000000009112012000000001538280000000000000000626                 900000917           09      00        
0330002300072Z70976E15C31F286FAB2B4CE                                         PGTFORNB09112012900000917                                                                                                                               00        
0330002300073J00000191551200007121140000001103966441844515611TARANTO COML IMP E EXP        0911201200000000071211400000000000000000000000000000009112012000000000712114000000000000000627                 900000918           09      00        
0330002300074Z70976E18F95BF4295BB52DD                                         PGTFORNB09112012900000918                                                                                                                               00        
0330002300075J00000191551200000038700000001555704202000106017VIRTUAL EXPRESS TRANSP E LOGIS0911201200000000000387000000000000000000000000000000009112012000000000003870000000000000000628                 900000919           09      00        
0330002300076Z70976E11B6150287AFEEF5D                                         PGTFORNB09112012900000919                                                                                                                               00        
03300025         000078000000000007201967000000000000000000311109                                                                                                                                                                               
03399999         000002000100000000                                                                                                                                                                                                             
