03300000         2054375370001370033006500490028050300065 0000480000414 AUTO GERAL DE ITU LTDA        SANTANDER                               20312201216205200007706000000                                                                     
03300011C2003031 2054375370001370033006500490028050300065 0000480000414 AUTO GERAL DE ITU LTDA                                                                              00000                                   00000000                    
0330001300001A0000182370215550000000085138 JOSE DANCIGUER ME             1406                03122012BRL000000000000000000000001215000900001666           03122012000000001215000                                        05          000        
0330001300002B   249882251000136                              00000                                                  00000000  031220120000000012150000000000000000000000000000000000000000000000000000000000000000000                00        
0330001300003Z70976E13C3F2F84361C4291                                         PGTFORNB03122012900001666                                                                                                                               00        
03300015         000005000000000001215000000000000000000000031203                                                                                                                                                                               
03399999         000001000007000000                                                                                                                                                                                                             
