03300000         2054375370001370033006500490028050300065 0000480000414 AUTO GERAL DE ITU LTDA        SANTANDER                               23101201313192800019206000000                                                                     
03300011C2016030 2054375370001370033006500490028050300065 0000480000414 AUTO GERAL DE ITU LTDA                                                                              00000                                   00000000                    
0330001300001N0003407                900003699           AUTO GERAL DE ITU LTDA        31012013000000006685083002372020543753700013716311220120000000000000000000000000668508300000000000000000000000000000031012013                  00        
0330001300002Z70976E1D06AA4955E194446                                         PGTFORNB31012013900003699                                                                                                                               00        
0330001300003N0003408                900003700           AUTO GERAL DE ITU LTDA        31012013000000011714766002089020543753700013716311220120000000000000000000000001171476600000000000000000000000000000031012013                  00        
0330001300004Z70976E1A16C1A499AE944AE                                         PGTFORNB31012013900003700                                                                                                                               00        
03300015         000006000000000018399849000000000000000000160131                                                                                                                                                                               
03399999         000001000008000000                                                                                                                                                                                                             
