03300000         2054375370001370033006500490028050300065 0000480000414 AUTO GERAL DE ITU LTDA        SANTANDER                               20904201302183900031706000000                                                                     
03300011C2030030 2054375370001370033006500490028050300065 0000480000414 AUTO GERAL DE ITU LTDA                                                                              00000                                   00000000                    
0330001300001J00003394566300000185299513931700000104516840101DISTRIBUIDORA AUTOMOTIVA S.A. 09042013000000000018529000000000000000000000000000000090420130000000000185290000000000000005719                900005993           09      00        
0330001300002Z70976E176807E02FC108F3E                                         PGTFORNB09042013900005993                                                                                                                               00        
0330001300003J00003392566300000576729474127700000007465840203LUPORINI DISTR DE AUTOPECAS LT09042013000000000057672000000000000000000000000000000090420130000000000576720000000000000005729                900005994           09      00        
0330001300004Z70976E16C45EEFEDC38A7C7                                         PGTFORNB09042013900005994                                                                                                                               00        
0330001300005J00035693566300000249560689070323450000003269857DISTRIBUIDORA AUTOMOTIVA S.A. 09042013000000000024956000000000000000000000000000000090420130000000000249560000000000000005717                900006001           09      00        
0330001300006Z70976E1C0554C19E819E787                                         PGTFORNB09042013900006001                                                                                                                               00        
0330001300007J00035699566300000128790689070323430000003269859DISTRIBUIDORA AUTOMOTIVA S.A. 09042013000000000012879000000000000000000000000000000090420130000000000128790000000000000005718                900006002           09      00        
0330001300008Z70976E11D42CEA745523784                                         PGTFORNB09042013900006002                                                                                                                               00        
0330001300009J00035692566300000239300689070323440000003269726DISTRIBUIDORA AUTOMOTIVA S.A. 09042013000000000023930000000000000000000000000000000090420130000000000239300000000000000005720                900006003           09      00        
0330001300010Z70976E193F7F2B3C8B6081A                                         PGTFORNB09042013900006003                                                                                                                               00        
03300015         000012000000000000137966000000000000000000300409                                                                                                                                                                               
03300021C2031030 2054375370001370033006500490028050300065 0000480000414 AUTO GERAL DE ITU LTDA                                                                              00000                                   00000000                    
0330002300001J00034197566300001725011127502180292938107808000ELIVEL AUTOMOTORES LTDA       09042013000000000172501000000000000000000000000000000090420130000000001725010000000000000005721                900006004           09      00        
0330002300002Z70976E1353F96CD7E3900A5                                         PGTFORNB09042013900006004                                                                                                                               00        
0330002300003J00034197566300001104561129644577933184122228000UNIVERSAL AUTOMOTIVE SYSTEMS S09042013000000000110456000000000000000000000000000000090420130000000001104560000000000000005741                900006023           09      00        
0330002300004Z70976E11754B5908C9620BB                                         PGTFORNB09042013900006023                                                                                                                               00        
0330002300005J00039991566300000294321770049214104570524809001F CONFUORTO IND COM PCS LTDA  09042013000000000029432000000000000000000000000000000090420130000000000294320000000000000005722                900006005           09      00        
0330002300006Z70976E1ED6B5A073515B5B5                                         PGTFORNB09042013900006005                                                                                                                               00        
0330002300007J00034191566300001208701129189479490237417159000ACCIOLY SA IMP E COM          09042013000000000120870000000000000000000000000000000090420130000000001208700000000000000005711                900005995           09      00        
0330002300008Z70976E123624F333A3D2FEF                                         PGTFORNB09042013900005995                                                                                                                               00        
0330002300009J00039995566300000093991771684773011960078237001BAP AUTOMOTIVA LTDA           09042013000000000009399000000000000000000000000000000090420130000000000093990000000000000005712                900005996           09      00        
0330002300010Z70976E1D1BA4A9A6F98D125                                         PGTFORNB09042013900005996                                                                                                                               00        
0330002300011J00023798000000000000002025062025292013600001600BARROS E FILHOS LTDA          09042013000000000131495000000000000000000000000000000090420130000000001314950000000000000005713                900005997           09      00        
0330002300012Z70976E1DA93C16488EF56A8                                         PGTFORNB09042013900005997                                                                                                                               00        
0330002300013J00034191566300000675001128599281971248021303000BANCO FIBRA SA                09042013000000000067500000000000000000000000000000000090420130000000000675000000000000000005714                900005998           09      00        
0330002300014Z70976E17BCB562C7C8A8CBC                                         PGTFORNB09042013900005998                                                                                                                               00        
0330002300015J00023792566300001017733389093086000009300120490CHG AUTOMOTIVA LTDA           09042013000000000101773000000000000000000000000000000090420130000000001017730000000000000005715                900005999           09      00        
0330002300016Z70976E133B967C7607FB005                                         PGTFORNB09042013900005999                                                                                                                               00        
0330002300017J00034191566300000631541090000074000350755971000COSMOVIX DISTRIBUIDORA LTDA   09042013000000000063154000000000000000000000000000000090420130000000000631540000000000000005716                900006000           09      00        
0330002300018Z70976E1DA64D4FDA413946A                                         PGTFORNB09042013900006000                                                                                                                               00        
0330002300019J00000191566300001797090445720223026590000460931FREIOS CONTROIL LTDA          09042013000000000179709000000000000000000000000000000090420130000000001797090000000000000005723                900006006           09      00        
0330002300020Z70976E13FDD9CDF1C7999E3                                         PGTFORNB09042013900006006                                                                                                                               00        
0330002300021J00000196566300004605820445720223126590000460931FREIOS CONTROIL LTDA          09042013000000000460582000000000000000000000000000000090420130000000004605820000000000000005724                900006007           09      00        
0330002300022Z70976E150ED68CEAB73D283                                         PGTFORNB09042013900006007                                                                                                                               00        
0330002300023J00034197566300000497951090304759670109276204000GIRANDO COMERCIO DE PECAS LTDA09042013000000000049795000000000000000000000000000000090420130000000000497950000000000000005725                900006008           09      00        
0330002300024Z70976E1165D1065CF9054E6                                         PGTFORNB09042013900006008                                                                                                                               00        
0330002300025J00034197566300000100001090000654698052016014000IRMAOS FERRETI E CIA LTDA     09042013000000000010000000000000000000000000000000000090420130000000000100000000000000000005726                900006009           09      00        
0330002300026Z70976E13C8974C648F2787B                                         PGTFORNB09042013900006009                                                                                                                               00        
0330002300027J00039991566300000207371770782197303280030090001ITAVEMA ITALIA VEICULOS E MAQU09042013000000000020737000000000000000000000000000000090420130000000000207370000000000000005727                900006010           09      00        
0330002300028Z70976E19C6263D41F8CE6D5                                         PGTFORNB09042013900006010                                                                                                                               00        
0330002300029J00034198566300000522001128296792922938074016000ITAVOX VEICULOS               09042013000000000052200000000000000000000000000000000090420130000000000522000000000000000005728                900006011           09      00        
0330002300030Z70976E17FD42E4D1F0DCD4B                                         PGTFORNB09042013900006011                                                                                                                               00        
0330002300031J00000194566300000685460000001216979444556370331NOVA DISTRIBUIDORA DE VEICULOS09042013000000000068546000000000000000000000000000000090420130000000000685460000000000000005730                900006012           09      00        
0330002300032Z70976E1BD74FF4A6D433128                                         PGTFORNB09042013900006012                                                                                                                               00        
0330002300033J00023793566300002200600151091330850077601251750PECA MAIS COMERCIO DE AUTO PEC09042013000000000220060000000000000000000000000000000090420130000000002200600000000000000005731                900006013           09      00        
0330002300034Z70976E1B7FD97FC01C8DA06                                         PGTFORNB09042013900006013                                                                                                                               00        
0330002300035J00039998566300001128308144672110004540096965001PELLEGRINO DISTRIBUIDORA DE AU09042013000000000112830000000000000000000000000000000090420130000000001128300000000000000005732                900006014           09      00        
0330002300036Z70976E1B73B39B5DDA34F46                                         PGTFORNB09042013900006014                                                                                                                               00        
0330002300037J00039998566300000594188144672152604540096965001PELLEGRINO DISTRIBUIDORA DE AU09042013000000000059418000000000000000000000000000000090420130000000000594180000000000000005733                900006015           09      00        
0330002300038Z70976E174EBFE96DA37B5E6                                         PGTFORNB09042013900006015                                                                                                                               00        
0330002300039J00039992566300000297662696559569304540096965001PELLEGRINO DISTRIBUIDORA DE AU09042013000000000029766000000000000000000000000000000090420130000000000297660000000000000005734                900006016           09      00        
0330002300040Z70976E18A17609858EE686D                                         PGTFORNB09042013900006016                                                                                                                               00        
0330002300041J00034199566300002748981129767313000191074004000POLIPECAS COMERCIAL E IMPORTAD09042013000000000274898000000000019243000000000000000090420130000000002556550000000000000005735                900006017           09      00        
0330002300042Z70976E1DFDD5B0919AB5705                                         PGTFORNB09042013900006017                                                                                                                               00        
0330002300043J00039991566300001744642995120787805313093513001REAL MOTO PECAS LTDA          09042013000000000174464000000000000000000000000000000090420130000000001744640000000000000005736                900006018           09      00        
0330002300044Z70976E1B100246C10034EBD                                         PGTFORNB09042013900006018                                                                                                                               00        
0330002300045J00039993566300000308633133551792205313093513001REAL MOTO PECAS LTDA          09042013000000000030863000000000000000000000000000000090420130000000000308630000000000000005737                900006019           09      00        
0330002300046Z70976E1F39A61B40757EE34                                         PGTFORNB09042013900006019                                                                                                                               00        
0330002300047J00034192566300000333001129591417098513014608000SATTURNO SOROCABA TELEFONIA LT09042013000000000033300000000000000000000000000000000090420130000000000333000000000000000005738                900006020           09      00        
0330002300048Z70976E1B4FE4016BAB20D4E                                         PGTFORNB09042013900006020                                                                                                                               00        
0330002300049J00034191566300000273301129591416918513014608000SATTURNO SOROCABA TELEFONIA LT09042013000000000027330000000000000000000000000000000090420130000000000273300000000000000005739                900006021           09      00        
0330002300050Z70976E108069C9733C17F84                                         PGTFORNB09042013900006021                                                                                                                               00        
0330002300051J00034198566300004962751129677435958949010469000TSA TECN SIST AUTOM LTDA      09042013000000000496275000000000000000000000000000000090420130000000004962750000000000000005740                900006022           09      00        
0330002300052Z70976E18BB747C06DCBFD40                                         PGTFORNB09042013900006022                                                                                                                               00        
03300025         000054000000000003088110000000000000000000310409                                                                                                                                                                               
03399999         000002000068000000                                                                                                                                                                                                             
