03300000         2054375370001370033006500490028050300065 0000480000414 AUTO GERAL DE ITU LTDA        SANTANDER                               21701201302215400016406000000                                                                     
03300011C2030030 2054375370001370033006500490028050300065 0000480000414 AUTO GERAL DE ITU LTDA                                                                              00000                                   00000000                    
0330001300001J00035698558100000397420689070323490000004897553DISTRIBUIDORA AUTOMOTIVA S/A  17012013000000000039742000000000000000000000000000000170120130000000000397420000000000000002945                900003230           09      00        
0330001300002Z70976E1F614619D3A14A302                                         PGTFORNB17012013900003230                                                                                                                               00        
0330001300003J00035698558100000228010689070323470000004897696DISTRIBUIDORA AUTOMOTIVA S/A  17012013000000000022801000000000000000000000000000000170120130000000000228010000000000000002947                900003231           09      00        
0330001300004Z70976E1B07A7E9CA717CDA2                                         PGTFORNB17012013900003231                                                                                                                               00        
0330001300005J00035691558100000229800689070323470000004897548DISTRIBUIDORA AUTOMOTIVA S/A  17012013000000000022980000000000000000000000000000000170120130000000000229800000000000000002948                900003232           09      00        
0330001300006Z70976E163D62D284C77187A                                         PGTFORNB17012013900003232                                                                                                                               00        
0330001300007J00035692558100000170400689070323460000004897671DISTRIBUIDORA AUTOMOTIVA S/A  17012013000000000017040000000000000000000000000000000170120130000000000170400000000000000002949                900003233           09      00        
0330001300008Z70976E153B8CCDEFD1E83BE                                         PGTFORNB17012013900003233                                                                                                                               00        
0330001300009J00003398558100000606569513931700000103764020101DISTRIBUIDORA AUTOMOTIVA S/A  17012013000000000060656000000000000000000000000000000170120130000000000606560000000000000002946                900003218           09      00        
0330001300010Z70976E1263DE1ECDB004B9B                                         PGTFORNB17012013900003218                                                                                                                               00        
0330001300011J00003393558100008071869537802800000000007760203SPARX IND E COM DE PECAS AUTO 17012013000000000807186000000000000000000000000000000170120130000000008071860000000000000002958                900003219           09      00        
0330001300012Z70976E18E691E406E0003DB                                         PGTFORNB17012013900003219                                                                                                                               00        
03300015         000014000000000000970405000000000000000000300117                                                                                                                                                                               
03300021C2031030 2054375370001370033006500490028050300065 0000480000414 AUTO GERAL DE ITU LTDA                                                                              00000                                   00000000                    
0330002300001J00023796558100000627000154092335000002003360050ALPHA SENSORES AUTOMOTIVOS LTD17012013000000000062700000000000000000000000000000000170120130000000000627000000000000000002935                900003220           09      00        
0330002300002Z70976E104CF047A692A6002                                         PGTFORNB17012013900003220                                                                                                                               00        
0330002300003J00000199558100002542130443476594734280000630911JOFUND S/A                    17012013000000000254213000000000000000000000000000000170120130000000002542130000000000000002956                900003240           09      00        
0330002300004Z70976E15F2E7DD289A946DD                                         PGTFORNB17012013900003240                                                                                                                               00        
0330002300005J00000192558100001669330443476595034280000630911JOFUND S/A                    17012013000000000166933000000000000000000000000000000170120130000000001669330000000000000002957                900003241           09      00        
0330002300006Z70976E1ED04A8AB563E0AC4                                         PGTFORNB17012013900003241                                                                                                                               00        
0330002300007J00023798558100000600000136092356000001101269910MEMORIAL COMERCIO DE PECAS LTD17012013000000000060000000000000000000000000000000000170120130000000000600000000000000000002959                900003242           09      00        
0330002300008Z70976E1254B7B2329A10435                                         PGTFORNB17012013900003242                                                                                                                               00        
0330002300009J00023796558100007331002500090256569650300000340ODAPEL DISTRIBUIDORA DE AUTO P17012013000000000733100000000000000000000000000000000170120130000000007331000000000000000002960                900003243           09      00        
0330002300010Z70976E1EE209123F7A711D9                                         PGTFORNB17012013900003243                                                                                                                               00        
0330002300011J00023799558100001473692500090256569646000000340ODAPEL DISTRIBUIDORA DE AUTO P17012013000000000147369000000000000000000000000000000170120130000000001473690000000000000002961                900003244           09      00        
0330002300012Z70976E15D89810EA6E7F43B                                         PGTFORNB17012013900003244                                                                                                                               00        
0330002300013J00000198558100001244640441720127819140000100711CDMD COM DE VEICULOS AUTOMOTOR17012013000000000124464000000000000000000000000000000170120130000000001244640000000000000002936                900003221           09      00        
0330002300014Z70976E117C411C3CCB1DE3C                                         PGTFORNB17012013900003221                                                                                                                               00        
0330002300015J00034199558100000042001127198412340076000777000CENTER PECAS FABBRI LTDA      17012013000000000004200000000000000000000000000000000170120130000000000042000000000000000002937                900003222           09      00        
0330002300016Z70976E14F09E08C24BE1F12                                         PGTFORNB17012013900003222                                                                                                                               00        
0330002300017J00034191558100000384001127149286890076000777000CENTER PECAS FABBRI LTDA      17012013000000000038400000000000000000000000000000000170120130000000000384000000000000000002938                900003223           09      00        
0330002300018Z70976E1EF0A95BD1B4124A0                                         PGTFORNB17012013900003223                                                                                                                               00        
0330002300019J00034197558100000047501127149286710076000777000CENTER PECAS FABBRI LTDA      17012013000000000004750000000000000000000000000000000170120130000000000047500000000000000002939                900003224           09      00        
0330002300020Z70976E129266FCD0CCE1121                                         PGTFORNB17012013900003224                                                                                                                               00        
0330002300021J00034192558100000083501127149286550076000777000CENTER PECAS FABBRI LTDA      17012013000000000008350000000000000000000000000000000170120130000000000083500000000000000002940                900003225           09      00        
0330002300022Z70976E16F3065E1909445D0                                         PGTFORNB17012013900003225                                                                                                                               00        
0330002300023J00034193558100000108501127198412260076000777000CENTER PECAS FABBRI LTDA      17012013000000000010850000000000000000000000000000000170120130000000000108500000000000000002941                900003226           09      00        
0330002300024Z70976E1E84B056052F35B94                                         PGTFORNB17012013900003226                                                                                                                               00        
0330002300025J00023792558100002702563397093004000001200008840CINDUMEL CIA IND DE METAIS E L17012013000000000270256000000000000000000000000000000170120130000000002702560000000000000002942                900003227           09      00        
0330002300026Z70976E17EE6F40DF1971659                                         PGTFORNB17012013900003227                                                                                                                               00        
0330002300027J00039999558100001112802696548918404540096965001PELLEGRINO DISTRIBUIDORA DE AU17012013000000000111280000000000000000000000000000000170120130000000001112800000000000000002962                900003245           09      00        
0330002300028Z70976E1746310FED22334C3                                         PGTFORNB17012013900003245                                                                                                                               00        
0330002300029J00023798558100002275303395061180232861700028140ROCHESTER DISTRIBUIDORA DE AUT17012013000000000227530000000000000000000000000000000170120130000000002275300000000000000002963                900003246           09      00        
0330002300030Z70976E1FF62E303CE96E678                                         PGTFORNB17012013900003246                                                                                                                               00        
0330002300031J00023791558100000202133395090000005183900650000SORANA SUL                    17012013000000000020213000000000000000000000000000000170120130000000000202130000000000000002964                900003247           09      00        
0330002300032Z70976E119977648204EF195                                         PGTFORNB17012013900003247                                                                                                                               00        
0330002300033J00023798558100000210313395090000005177700650000SORANA SUL                    17012013000000000021031000000000000000000000000000000170120130000000000210310000000000000002965                900003248           09      00        
0330002300034Z70976E14627B6F7C80B0656                                         PGTFORNB17012013900003248                                                                                                                               00        
0330002300035J00023795558100001168354130074130006229900050880SOUZA RAMOS COM E IMP LTDA    17012013000000000116835000000000000000000000000000000170120130000000001168350000000000000002966                900003249           09      00        
0330002300036Z70976E1D44D8085494ACFFC                                         PGTFORNB17012013900003249                                                                                                                               00        
0330002300037J00000197558100000091328336199948409700000127018ALARMAQ EQTOS DE SEGURANCA LTD17012013000000000009132000000000000000000000000000000170120130000000000091320000000000000002967                900003250           09      00        
0330002300038Z70976E1A25EBC00B2826221                                         PGTFORNB17012013900003250                                                                                                                               00        
0330002300039J00023795558100001483663397093004000001300008840CINDUMEL CIA IND DE METAIS E L17012013000000000148366000000000000000000000000000000170120130000000001483660000000000000002943                900003228           09      00        
0330002300040Z70976E16DA98C7317A1EB06                                         PGTFORNB17012013900003228                                                                                                                               00        
0330002300041J00023791558100000937812002061301391595100829680COMERCIAL AUTOMOTIVA S.A.     17012013000000000093781000000000000000000000000000000170120130000000000937810000000000000002944                900003229           09      00        
0330002300042Z70976E16FB9E2B2E39BB938                                         PGTFORNB17012013900003229                                                                                                                               00        
0330002300043J00023793558100000318640138092341000004401370000BBL SISTEMAS OPERACIONAIS LTDA17012013000000000031864000000000000000000000000000000170120130000000000318640000000000000002950                900003234           09      00        
0330002300044Z70976E1AE7BDC526D842B67                                         PGTFORNB17012013900003234                                                                                                                               00        
0330002300045J00034191558100000161431125094844682938000052000EATON LTDA                    17012013000000000016143000000000000000000000000000000170120130000000000161430000000000000002951                900003235           09      00        
0330002300046Z70976E18A225E5F8ED0618E                                         PGTFORNB17012013900003235                                                                                                                               00        
0330002300047J00034194558100000220571127094818352938107808000ELIVEL AUTOMOTORES LTDA       17012013000000000022057000000000000000000000000000000170120130000000000220570000000000000002952                900003236           09      00        
0330002300048Z70976E1FAAF60C835D832F4                                         PGTFORNB17012013900003236                                                                                                                               00        
0330002300049J00034191558100000170071090304320340109276204000GIRANDO COMERCIO DE PECAS LTDA17012013000000000017007000000000000000000000000000000170120130000000000170070000000000000002953                900003237           09      00        
0330002300050Z70976E1F2EC0B562A5AF4C7                                         PGTFORNB17012013900003237                                                                                                                               00        
0330002300051J00023798558100000160303371023004000007600001630NEW TRADE FOMENTO MERCANTIL LT17012013000000000016030000000000000000000000000000000170120130000000000160300000000000000002954                900003238           09      00        
0330002300052Z70976E13BD2DB16C4C9C6FB                                         PGTFORNB17012013900003238                                                                                                                               00        
0330002300053J00023799558100001274723371023004000007700001630NEW TRADE FOMENTO MERCANTIL LT17012013000000000127472000000000000000000000000000000170120130000000001274720000000000000002955                900003239           09      00        
0330002300054Z70976E155EA73F4D8869506                                         PGTFORNB17012013900003239                                                                                                                               00        
03300025         000056000000000002864326000000000000000000310117                                                                                                                                                                               
03300031C2003031 2054375370001370033006500490028050300065 0000480000414 AUTO GERAL DE ITU LTDA                                                                              00000                                   00000000                    
0330003300001A0007002370202810000000375551 MASTER SISTEMAS AUTOMOTIVOS LT2972                17012013BRL000000000000000000000000175044900003217           17012013000000000175044                                        07          000        
0330003300002B   290852914000173                              00000                                                  00000000  170120130000000001750440000000000000000000000000000000000000000000000000000000000000000                00        
0330003300003Z70976E16C2965AE25B5DC46                                         PGTFORNB17012013900003217                                                                                                                               00        
03300035         000005000000000000175044000000000000000000030117                                                                                                                                                                               
03399999         000003000077000000                                                                                                                                                                                                             
