03300000         2054375370001370033006500490028050300065 0000480000414 AUTO GERAL DE ITU LTDA        SANTANDER                               21912201203062900011306000000                                                                     
03300011C2030030 2054375370001370033006500490028050300065 0000480000414 AUTO GERAL DE ITU LTDA                                                                              00000                                   00000000                    
0330001300001J00003397555200001059649482285400000091799760203JOFUND S/A                    19122012000000000105964000000000000000000000000000000191220120000000001059640000000000000001986                900002259           09      00        
0330001300002Z70976E1F8F8EFF1C1CB5CA9                                         PGTFORNB19122012900002259                                                                                                                               00        
0330001300003J00035695555200000354610409503986780000000240403ITA PECAS PARA VEIC COM E SERV19122012000000000035461000000000000000000000000000000191220120000000000354610000000000000001985                900002278           09      00        
0330001300004Z70976E18E0DD2C8076CC50E                                         PGTFORNB19122012900002278                                                                                                                               00        
0330001300005J00003392555200006641899482285400000091800010203JOFUND S/A                    19122012000000000664189000000000000000000000000000000191220120000000006641890000000000000001987                900002260           09      00        
0330001300006Z70976E101E899AC231F8043                                         PGTFORNB19122012900002260                                                                                                                               00        
0330001300007J00003392555200004710729482285400000091812700203JOFUND S/A                    19122012000000000471072000000000000000000000000000000191220120000000004710720000000000000001988                900002261           09      00        
0330001300008Z70976E12F3EB772CB5358EE                                         PGTFORNB19122012900002261                                                                                                                               00        
0330001300009J00003393555200000195369512606100000031485050101SERRAF DISTR DE PECAS PARA MOT19122012000000000019536000000000000000000000000000000191220120000000000195360000000000000002006                900002262           09      00        
0330001300010Z70976E1DF7D2FA5CDE1187A                                         PGTFORNB19122012900002262                                                                                                                               00        
0330001300011J00035691555200000396930689070323430000005561394DISTRIBUIDORA AUTOMOTIVA S/A  19122012000000000039693000000000000000000000000000000191220120000000000396930000000000000001979                900002272           09      00        
0330001300012Z70976E123E2249466F779EC                                         PGTFORNB19122012900002272                                                                                                                               00        
0330001300013J00035692555200001223180689070323420000005561395DISTRIBUIDORA AUTOMOTIVA S/A  19122012000000000122318000000000000000000000000000000191220120000000001223180000000000000001980                900002273           09      00        
0330001300014Z70976E19FE3573991FAD5AE                                         PGTFORNB19122012900002273                                                                                                                               00        
0330001300015J00035698555200001447260689070323420000004894276DISTRIBUIDORA AUTOMOTIVA S/A  19122012000000000144726000000000000000000000000000000191220120000000001447260000000000000001981                900002274           09      00        
0330001300016Z70976E19B6C989D57B94993                                         PGTFORNB19122012900002274                                                                                                                               00        
03300015         000018000000000001602959000000000000000000301219                                                                                                                                                                               
03300021C2031030 2054375370001370033006500490028050300065 0000480000414 AUTO GERAL DE ITU LTDA                                                                              00000                                   00000000                    
0330002300001J00023796555200000290500138092305000002001370000BBL SISTEMAS OPERACIONAIS LTDA19122012000000000029050000000000000000000000000000000191220120000000000290500000000000000001982                900002275           09      00        
0330002300002Z70976E138F2410E43EEF4A9                                         PGTFORNB19122012900002275                                                                                                                               00        
0330002300003J00000192555200002602730443084486226590000460931FREIOS CONTROIL LTDA          19122012000000000260273000000000000000000000000000000191220120000000002602730000000000000001983                900002276           09      00        
0330002300004Z70976E14D39FAD89EA015A8                                         PGTFORNB19122012900002276                                                                                                                               00        
0330002300005J00034198555200000193791090304183710109276204000GIRANDO COMERCIO DE PECAS LTDA19122012000000000019379000000000000000000000000000000191220120000000000193790000000000000001984                900002277           09      00        
0330002300006Z70976E124CAAD4B0B21064C                                         PGTFORNB19122012900002277                                                                                                                               00        
0330002300007J00034192555200001552471126551462002395022557000KOGA KOGA CIA LTDA            19122012000000000155247000000000000000000000000000000191220120000000001552470000000000000001989                900002279           09      00        
0330002300008Z70976E1DA047FE3AD35C6DF                                         PGTFORNB19122012900002279                                                                                                                               00        
0330002300009J00034192555200000348601126551466222395022557000KOGA KOGA CIA LTDA            19122012000000000034860000000000000000000000000000000191220120000000000348600000000000000001990                900002280           09      00        
0330002300010Z70976E1D4BD1D9EEB41A54A                                         PGTFORNB19122012900002280                                                                                                                               00        
0330002300011J00023798555200014212453372092339000004105096800METALURGICA SCHADEK LTDA      19122012000000001421245000000000000000000000000000000191220120000000014212450000000000000001991                900002281           09      00        
0330002300012Z70976E165A509D00065FCA0                                         PGTFORNB19122012900002281                                                                                                                               00        
0330002300013J00023794555200001280273394090000010042100324600MORELATE DISTRIBUIDORA DE AUTO19122012000000000128027000000000000000000000000000000191220120000000001280270000000000000001992                900002282           09      00        
0330002300014Z70976E1A75B5682234BB456                                         PGTFORNB19122012900002282                                                                                                                               00        
0330002300015J00039991555200004490776696534177404540096965001PELLEGRINO DISTRIBUIDORA DE AU19122012000000000449077000000000000000000000000000000191220120000000004490770000000000000001999                900002289           09      00        
0330002300016Z70976E13528E3BEB7F59E65                                         PGTFORNB19122012900002289                                                                                                                               00        
0330002300017J00023793555200000230013484092293000013301129000PETRONAS LUBRIFICANTES BRASIL 19122012000000000023001000000000000000000000000000000191220120000000000230010000000000000002000                900002290           09      00        
0330002300018Z70976E15F816E8DDE94EE0A                                         PGTFORNB19122012900002290                                                                                                                               00        
0330002300019J00023792555200002335683684190000017516200673000POLIPECAS DISTRIBUIDORA AUTOMO19122012000000000233568000000000000000000000000000000191220120000000002335680000000000000002001                900002291           09      00        
0330002300020Z70976E1615BB3AFF9A45F4E                                         PGTFORNB19122012900002291                                                                                                                               00        
0330002300021J00023799555200000358903684190000017514200673000POLIPECAS DISTRIBUIDORA AUTOMO19122012000000000035890000000000000000000000000000000191220120000000000358900000000000000002002                900002292           09      00        
0330002300022Z70976E17F698BA6ACC80624                                         PGTFORNB19122012900002292                                                                                                                               00        
0330002300023J00023791555200001332833684190000017515800673000POLIPECAS DISTRIBUIDORA AUTOMO19122012000000000133283000000000000000000000000000000191220120000000001332830000000000000002003                900002293           09      00        
0330002300024Z70976E1036D3AC664D11BD0                                         PGTFORNB19122012900002293                                                                                                                               00        
0330002300025J00000197555200000773600000002096856000001964817PRV COMERCIO DE PECAS LTDA    19122012000000000077360000000000000000000000000000000191220120000000000773600000000000000002004                900002294           09      00        
0330002300026Z70976E176FC2D96AA94AC9B                                         PGTFORNB19122012900002294                                                                                                                               00        
0330002300027J00034195555200001057001126113439740355223710000CREDERE CONS FOM MERC LTDA    19122012000000000105700000000000000000000000000000000191220120000000001057000000000000000002005                900002295           09      00        
0330002300028Z70976E19937DD886848EA22                                         PGTFORNB19122012900002295                                                                                                                               00        
0330002300029J00000193555200001606820000002175416000002862717SK AUTOMOTIVE S/A DISTR AUTOPE19122012000000000160682000000000000000000000000000000191220120000000001606820000000000000002007                900002296           09      00        
0330002300030Z70976E1ADB2B9EFF7BC8B7C                                         PGTFORNB19122012900002296                                                                                                                               00        
0330002300031J00000198555200004707410000002175416000002866217SK AUTOMOTIVE S/A DISTR AUTOPE19122012000000000470741000000000000000000000000000000191220120000000004707410000000000000002008                900002297           09      00        
0330002300032Z70976E1E1A825A7C6D247FF                                         PGTFORNB19122012900002297                                                                                                                               00        
0330002300033J00000195555200000839420000001451450000034473517SK AUTOMOTIVE S/A DISTR AUTOPE19122012000000000083942000000000000000000000000000000191220120000000000839420000000000000002009                900002298           09      00        
0330002300034Z70976E1D2423764CD150908                                         PGTFORNB19122012900002298                                                                                                                               00        
0330002300035J00000193555200001564810000002175416000002865217SK AUTOMOTIVE S/A DISTR AUTOPE19122012000000000156481000000000000000000000000000000191220120000000001564810000000000000002010                900002299           09      00        
0330002300036Z70976E18A85175E63DE0B2E                                         PGTFORNB19122012900002299                                                                                                                               00        
0330002300037J00000195555200000868920000002175416000002862917SK AUTOMOTIVE S/A DISTR AUTOPE19122012000000000086892000000000000000000000000000000191220120000000000868920000000000000002011                900002300           09      00        
0330002300038Z70976E1ADD9E0F5ECD7D7E5                                         PGTFORNB19122012900002300                                                                                                                               00        
0330002300039J00000191555200002326260000001451450000034468217SK AUTOMOTIVE S/A DISTR AUTOPE19122012000000000232626000000000000000000000000000000191220120000000002326260000000000000002012                900002301           09      00        
0330002300040Z70976E1C6050A682E72AF87                                         PGTFORNB19122012900002301                                                                                                                               00        
0330002300041J00023795555200000331810545090000030970300705060TONINI DISTRIBUIDORA LTDA     19122012000000000033181000000000000000000000000000000191220120000000000331810000000000000002013                900002302           09      00        
0330002300042Z70976E141CCAC126CBCA4F8                                         PGTFORNB19122012900002302                                                                                                                               00        
0330002300043J00023791555200000311440545090000031011600705060TONINI DISTRIBUIDORA LTDA     19122012000000000031144000000000000000000000000000000191220120000000000311440000000000000002014                900002303           09      00        
0330002300044Z70976E1E48B9A7052586764                                         PGTFORNB19122012900002303                                                                                                                               00        
0330002300045J00000196555200002150580000001148003000007027617VESPOR AUTOMOTIVE DIST DE AUTO19122012000000000215058000000000000000000000000000000191220120000000002150580000000000000002015                900002304           09      00        
0330002300046Z70976E1C63355E09858A0D6                                         PGTFORNB19122012900002304                                                                                                                               00        
0330002300047J00023798555200000957240738092346000005100063200SARAIVA DISTR. AUTO PECAS LTDA19122012000000000095724000000000000000000000000000000191220120000000000957240000000000000002018                900002305           09      00        
0330002300048Z70976E13ED03EDCCC0B5B73                                         PGTFORNB19122012900002305                                                                                                                               00        
0330002300049J00023791555200000513233392022326000011601078260MF CAMBUCI DISTR DE AUTOPECAS 19122012000000000051323000000000000000000000000000000191220120000000000513230000000000000001969                900002263           09      00        
0330002300050Z70976E1C60506F8B42EEFA9                                         PGTFORNB19122012900002263                                                                                                                               00        
0330002300051J00034196555200000044501126305763490076000777000CENTER PECAS FABBRI LTDA      19122012000000000004450000000000000000000000000000000191220120000000000044500000000000000001970                900002264           09      00        
0330002300052Z70976E1DD21767B4F6A5449                                         PGTFORNB19122012900002264                                                                                                                               00        
0330002300053J00034191555200000045001126124247160076000777000CENTER PECAS FABBRI LTDA      19122012000000000004500000000000000000000000000000000191220120000000000045000000000000000001971                900002265           09      00        
0330002300054Z70976E117E975660E2B28EA                                         PGTFORNB19122012900002265                                                                                                                               00        
0330002300055J00034193555200000072001126124247240076000777000CENTER PECAS FABBRI LTDA      19122012000000000007200000000000000000000000000000000191220120000000000072000000000000000001972                900002266           09      00        
0330002300056Z70976E1D00B5B16E7BD6CB8                                         PGTFORNB19122012900002266                                                                                                                               00        
0330002300057J00000198555200000167840443011651833600000221711CHG AUTOMOTIVA LTDA           19122012000000000016784000000000000000000000000000000191220120000000000167840000000000000001973                900002267           09      00        
0330002300058Z70976E1AB72852B40F74719                                         PGTFORNB19122012900002267                                                                                                                               00        
0330002300059J00023791555200005318612002061201379275100829680COMERCIAL AUTOMOTIVA S.A.     19122012000000000531861000000000000000000000000000000191220120000000005318610000000000000001974                900002268           09      00        
0330002300060Z70976E10D25C023D0EF6B1D                                         PGTFORNB19122012900002268                                                                                                                               00        
0330002300061J00023791555200000668762002061201379293100829680COMERCIAL AUTOMOTIVA S.A.     19122012000000000066876000000000000000000000000000000191220120000000000668760000000000000001975                900002269           09      00        
0330002300062Z70976E12DDF21E113E68028                                         PGTFORNB19122012900002269                                                                                                                               00        
0330002300063J00023795555200003792372002061201379288100829680COMERCIAL AUTOMOTIVA S.A.     19122012000000000379237000000000000000000000000000000191220120000000003792370000000000000001976                900002270           09      00        
0330002300064Z70976E1DEFD1DE3845773C9                                         PGTFORNB19122012900002270                                                                                                                               00        
0330002300065J00023791555200005967322002061201379282100829680COMERCIAL AUTOMOTIVA S.A.     19122012000000000596732000000000000000000000000000000191220120000000005967320000000000000001977                900002271           09      00        
0330002300066Z70976E1DDC183117F71F77F                                         PGTFORNB19122012900002271                                                                                                                               00        
0330002300067J00039999555200000875348145174913704540096965001PELLEGRINO DISTRIBUIDORA DE AU19122012000000000087534000000000000000000000000000000191220120000000000875340000000000000001993                900002283           09      00        
0330002300068Z70976E1968D39A5E0DAA4F6                                         PGTFORNB19122012900002283                                                                                                                               00        
0330002300069J00039991555200000774088144666667304540096965001PELLEGRINO DISTRIBUIDORA DE AU19122012000000000077408000000000000000000000000000000191220120000000000774080000000000000001994                900002284           09      00        
0330002300070Z70976E18C795EA96BEE222B                                         PGTFORNB19122012900002284                                                                                                                               00        
0330002300071J00039991555200001004926696534173104540096965001PELLEGRINO DISTRIBUIDORA DE AU19122012000000000100492000000000000000000000000000000191220120000000001004920000000000000001995                900002285           09      00        
0330002300072Z70976E1754A0EDFACEE44FE                                         PGTFORNB19122012900002285                                                                                                                               00        
0330002300073J00039991555200008687098144666666504540096965001PELLEGRINO DISTRIBUIDORA DE AU19122012000000000868709000000000000000000000000000000191220120000000008687090000000000000001996                900002286           09      00        
0330002300074Z70976E1D433955A22DA2E5A                                         PGTFORNB19122012900002286                                                                                                                               00        
0330002300075J00039994555200000909002696546115804540096965001PELLEGRINO DISTRIBUIDORA DE AU19122012000000000090900000000000000000000000000000000191220120000000000909000000000000000001997                900002287           09      00        
0330002300076Z70976E17040ED7D0DDCC7F2                                         PGTFORNB19122012900002287                                                                                                                               00        
0330002300077J00039994555200000420502696546116604540096965001PELLEGRINO DISTRIBUIDORA DE AU19122012000000000042050000000000000000000000000000000191220120000000000420500000000000000001998                900002288           09      00        
0330002300078Z70976E1EEBFBD036BA33871                                         PGTFORNB19122012900002288                                                                                                                               00        
03300025         000080000000000007598487000000000000000000311219                                                                                                                                                                               
03300031C2003031 2054375370001370033006500490028050300065 0000480000414 AUTO GERAL DE ITU LTDA                                                                              00000                                   00000000                    
0330003300001A0007000010154660000002050374 GERAL PARTS COM PECAS E ABRASI2016                19122012BRL000000000000000000000000082671900002258           19122012000000000082671                                        07          000        
0330003300002B   252472438000176                              00000                                                  00000000  191220120000000000826710000000000000000000000000000000000000000000000000000000000000000                00        
0330003300003Z70976E18DD0AA55023BDBC8                                         PGTFORNB19122012900002258                                                                                                                               00        
03300035         000005000000000000082671000000000000000000031219                                                                                                                                                                               
03399999         000003000105000000                                                                                                                                                                                                             
