03300000         2054375370001370033006500490028050300065 0000480000414 AUTO GERAL DE ITU LTDA        SANTANDER                               20312201213230500007506000000                                                                     
03300011C2011030 2054375370001370033006500490028050300065 0000480000414 AUTO GERAL DE ITU LTDA                                                                              00000                                   00000000                    
0330001300001O00084800000012330000895924709999994426828011773NEXTEL TELECOMUNICACOES LTDA  03122012031220120000000001233001368                900001656                                                                               00        
0330001300002Z70976E17A6CB6A47CA6FDB5                                         PGTFORNB03122012900001656                                                                                                                               00        
0330001300003O00084810000007075500895924559999994426828281773NEXTEL TELECOMUNICACOES LTDA  03122012031220120000000000707551369                900001657                                                                               00        
0330001300004Z70976E10A336E8AF0791BA1                                         PGTFORNB03122012900001657                                                                                                                               00        
0330001300005O00084810000004348200895924899999994426827931773NEXTEL TELECOMUNICACOES LTDA  03122012031220120000000000434821370                900001658                                                                               00        
0330001300006Z70976E10C05A5227D5925DA                                         PGTFORNB03122012900001658                                                                                                                               00        
0330001300007O00083690000003132201103001625328000210005915015CIA PIRATININGA DE FORCA E LUZ03122012031220120000000000313221372                900001659                                                                               00        
0330001300008Z70976E176414B09A8E3EC59                                         PGTFORNB03122012900001659                                                                                                                               00        
0330001300009O00083640000003143201103002331516760210001465384CIA PIRATININGA DE FORCA E LUZ03122012031220120000000000314321373                900001660                                                                               00        
0330001300010Z70976E113BC81F44E620178                                         PGTFORNB03122012900001660                                                                                                                               00        
03300015         000012000000000000300291000000000000000000111203                                                                                                                                                                               
03399999         000001000014000000                                                                                                                                                                                                             
