03300000         2054375370001370033006500490028050300065 0000480000414 AUTO GERAL DE ITU LTDA        SANTANDER                               22502201303271800023706000000                                                                     
03300011C2030030 2054375370001370033006500490028050300065 0000480000414 AUTO GERAL DE ITU LTDA                                                                              00000                                   00000000                    
0330001300001J00003394561800000469859492147000000000559210104J FREITAS COM IMP E EXP LTDA  23022013000000000046985000000000000000000000000000000250220130000000000469850000000000000004258                900004530           09      00        
0330001300002Z70976E16302F29AAB10F746                                         PGTFORNB25022013900004530                                                                                                                               00        
0330001300003J00003393562000003780009133966400000000362930102LAMACE COM IMP EXP LTDA       25022013000000000378000000000000000000000000000000000250220130000000003780000000000000000004308                900004531           09      00        
0330001300004Z70976E1431617E0C49B9333                                         PGTFORNB25022013900004531                                                                                                                               00        
03300015         000006000000000000424985000000000000000000300225                                                                                                                                                                               
03300021C2031030 2054375370001370033006500490028050300065 0000480000414 AUTO GERAL DE ITU LTDA                                                                              00000                                   00000000                    
0330002300001J00034198561800000072501127871284490076000777000CENTER PECAS FABBRI LTDA      23022013000000000007250000000000000000000000000000000250220130000000000072500000000000000004248                900004532           09      00        
0330002300002Z70976E13861AE324D0EFC61                                         PGTFORNB25022013900004532                                                                                                                               00        
0330002300003J00034192561900000610361127607231662938000052000EATON LTDA                    24022013000000000061036000000000000000000000000000000250220130000000000610360000000000000004269                900004552           09      00        
0330002300004Z70976E181AF4DC9F602337A                                         PGTFORNB25022013900004552                                                                                                                               00        
0330002300005J00034191561800000964111127413576702938036635000DAYCO POWER TRANSMISSION      23022013000000000096411000000000000000000000000000000250220130000000000964110000000000000004249                900004533           09      00        
0330002300006Z70976E174290BC3B1EA589D                                         PGTFORNB25022013900004533                                                                                                                               00        
0330002300007J00034198561800004095541127254121032938030539000DELPHI AUTOM SYSTEMS BR LTDA  23022013000000000409554000000000000000000000000000000250220130000000004095540000000000000004250                900004534           09      00        
0330002300008Z70976E11B2D353CBAA51D79                                         PGTFORNB25022013900004534                                                                                                                               00        
0330002300009J00042299562000000581007115000051187559450518321ISAPA IMP COM LTDA            25022013000000000058100000000000000000000000000000000250220130000000000581000000000000000004294                900004577           09      00        
0330002300010Z70976E16DF3E35C79DF5EF9                                         PGTFORNB25022013900004577                                                                                                                               00        
0330002300011J00034197561800000230491127254119802938030539000DELPHI AUTOM SYSTEMS BR LTDA  23022013000000000023049000000000000000000000000000000250220130000000000230490000000000000004251                900004535           09      00        
0330002300012Z70976E13AB19173BFF48391                                         PGTFORNB25022013900004535                                                                                                                               00        
0330002300013J00034191561800000105491127254120462938030539000DELPHI AUTOM SYSTEMS BR LTDA  23022013000000000010549000000000000000000000000000000250220130000000000105490000000000000004252                900004536           09      00        
0330002300014Z70976E10E438AC21168498B                                         PGTFORNB25022013900004536                                                                                                                               00        
0330002300015J00034191561800000126091127254119562938030539000DELPHI AUTOM SYSTEMS BR LTDA  23022013000000000012609000000000000000000000000000000250220130000000000126090000000000000004253                900004537           09      00        
0330002300016Z70976E1B526425F54EBFA36                                         PGTFORNB25022013900004537                                                                                                                               00        
0330002300017J00034191561800000307861127254120792938030539000DELPHI AUTOM SYSTEMS BR LTDA  23022013000000000030786000000000000000000000000000000250220130000000000307860000000000000004254                900004538           09      00        
0330002300018Z70976E1FCD735EAA7BE4A05                                         PGTFORNB25022013900004538                                                                                                                               00        
0330002300019J00034191561800000126091127254119232938030539000DELPHI AUTOM SYSTEMS BR LTDA  23022013000000000012609000000000000000000000000000000250220130000000000126090000000000000004255                900004539           09      00        
0330002300020Z70976E155B7295205DCA46F                                         PGTFORNB25022013900004539                                                                                                                               00        
0330002300021J00034197561800000137921127567049492938000052000EATON LTDA                    23022013000000000013792000000000000000000000000000000250220130000000000137920000000000000004256                900004540           09      00        
0330002300022Z70976E101967DFA7B0B00D6                                         PGTFORNB25022013900004540                                                                                                                               00        
0330002300023J00034191561800000041481127979465092938000052000EATON LTDA                    23022013000000000004148000000000000000000000000000000250220130000000000041480000000000000004257                900004541           09      00        
0330002300024Z70976E1707DCE6F3C3B7EC5                                         PGTFORNB25022013900004541                                                                                                                               00        
0330002300025J00023791561800000477163394090000016113000324600MORELATE DISTRIBUIDORA DE AUTO23022013000000000047716000000000000000000000000000000250220130000000000477160000000000000004259                900004542           09      00        
0330002300026Z70976E129928B36B8AAF122                                         PGTFORNB25022013900004542                                                                                                                               00        
0330002300027J00023795561800000265552500090256572020400000340ODAPEL DISTRIBUIDORA DE AUTO P23022013000000000026555000000000000000000000000000000250220130000000000265550000000000000004260                900004543           09      00        
0330002300028Z70976E1E7823ADFDD2C8CBD                                         PGTFORNB25022013900004543                                                                                                                               00        
0330002300029J00023791561800000451520438090057000131300992420OESTCAP DISTR. DE AUTO PECAS L23022013000000000045152000000000000000000000000000000250220130000000000451520000000000000004261                900004544           09      00        
0330002300030Z70976E1C255EEB4459F0243                                         PGTFORNB25022013900004544                                                                                                                               00        
0330002300031J00034195561900000601881128018568680237417159000ACCIOLY SA IMP E COM          24022013000000000060188000000000000000000000000000000250220130000000000601880000000000000004262                900004545           09      00        
0330002300032Z70976E1CC40957A7A64B341                                         PGTFORNB25022013900004545                                                                                                                               00        
0330002300033J00023797561900001303181316090000010113500009000APS DISTRIBUIDORA DE AUTOPECAS24022013000000000130318000000000000000000000000000000250220130000000001303180000000000000004263                900004546           09      00        
0330002300034Z70976E1A316AECED313821F                                         PGTFORNB25022013900004546                                                                                                                               00        
0330002300035J00023798561900000286201316090000010113700009000APS DISTRIBUIDORA DE AUTOPECAS24022013000000000028620000000000000000000000000000000250220130000000000286200000000000000004264                900004547           09      00        
0330002300036Z70976E1C68708892783815D                                         PGTFORNB25022013900004547                                                                                                                               00        
0330002300037J00023791561900000269821316090000010113600009000APS DISTRIBUIDORA DE AUTOPECAS24022013000000000026982000000000000000000000000000000250220130000000000269820000000000000004265                900004548           09      00        
0330002300038Z70976E15C797F32ADE55B32                                         PGTFORNB25022013900004548                                                                                                                               00        
0330002300039J00034199561900000039001127908419130076000777000CENTER PECAS FABBRI LTDA      24022013000000000003900000000000000000000000000000000250220130000000000039000000000000000004266                900004549           09      00        
0330002300040Z70976E1E1C5D7E47D41F213                                         PGTFORNB25022013900004549                                                                                                                               00        
0330002300041J00034194561900000166001127908419050076000777000CENTER PECAS FABBRI LTDA      24022013000000000016600000000000000000000000000000000250220130000000000166000000000000000004267                900004550           09      00        
0330002300042Z70976E16CE5EF6FC88D3583                                         PGTFORNB25022013900004550                                                                                                                               00        
0330002300043J00034199561900000327001127908418970076000777000CENTER PECAS FABBRI LTDA      24022013000000000032700000000000000000000000000000000250220130000000000327000000000000000004268                900004551           09      00        
0330002300044Z70976E1EF7B280D94A849FC                                         PGTFORNB25022013900004551                                                                                                                               00        
0330002300045J00034195561900001944311127607230002938000052000EATON LTDA                    24022013000000000194431000000000000000000000000000000250220130000000001944310000000000000004270                900004553           09      00        
0330002300046Z70976E10FDB421BB7326DC3                                         PGTFORNB25022013900004553                                                                                                                               00        
0330002300047J00034199561900000038741127607231092938000052000EATON LTDA                    24022013000000000003874000000000000000000000000000000250220130000000000038740000000000000004271                900004554           09      00        
0330002300048Z70976E1172BECC45EAA3EE9                                         PGTFORNB25022013900004554                                                                                                                               00        
0330002300049J00023791561900000859922500090256572211600000340ODAPEL DISTRIBUIDORA DE AUTO P24022013000000000085992000000000000000000000000000000250220130000000000859920000000000000004272                900004555           09      00        
0330002300050Z70976E1EE79F9A043DA0F3F                                         PGTFORNB25022013900004555                                                                                                                               00        
0330002300051J00034191561900008161681127899172860480001510000SUSIN FRANCESCUTTI METAL LTDA 24022013000000000816168000000000000000000000000000000250220130000000008161680000000000000004273                900004556           09      00        
0330002300052Z70976E1B462AADF6B136C82                                         PGTFORNB25022013900004556                                                                                                                               00        
0330002300053J00034193562000000740521571684855286260139677000ABDELNOR II COM COMB LTDA     25022013000000000074052000000000000000000000000000000250220130000000000740520000000000000004274                900004557           09      00        
0330002300054Z70976E1D72BE0B3A1E287F5                                         PGTFORNB25022013900004557                                                                                                                               00        
0330002300055J00034192562000001805001127913579017460278760000ASTRO TECNOLOGIA I C LTDA     25022013000000000180500000000000000000000000000000000250220130000000001805000000000000000004275                900004558           09      00        
0330002300056Z70976E1DB7896C593C31CCB                                         PGTFORNB25022013900004558                                                                                                                               00        
0330002300057J00034191562000000745001127967682198514325201000BODIPASA BOMBAS DIESEL PAULIST25022013000000000074500000000000000000000000000000000250220130000000000745000000000000000004276                900004559           09      00        
0330002300058Z70976E139C5BDF4B485AF53                                         PGTFORNB25022013900004559                                                                                                                               00        
0330002300059J00034195562000001813481127994852331248021303000BANCO FIBRA SA                25022013000000000181348000000000000000000000000000000250220130000000001813480000000000000004277                900004560           09      00        
0330002300060Z70976E15354AD871635D42E                                         PGTFORNB25022013900004560                                                                                                                               00        
0330002300061J00039993562000000181891768712206204061860231001CAR CENTRAL DE AUTOPECAS E ROL25022013000000000018189000000000000000000000000000000250220130000000000181890000000000000004278                900004561           09      00        
0330002300062Z70976E1823B663F142ED8E3                                         PGTFORNB25022013900004561                                                                                                                               00        
0330002300063J00039993562000000263221768712205404061860231001CAR CENTRAL DE AUTOPECAS E ROL25022013000000000026322000000000000000000000000000000250220130000000000263220000000000000004279                900004562           09      00        
0330002300064Z70976E1A753E3F44216B1CC                                         PGTFORNB25022013900004562                                                                                                                               00        
0330002300065J00034191562000000045501128025114880076000777000CENTER PECAS FABBRI LTDA      25022013000000000004550000000000000000000000000000000250220130000000000045500000000000000004280                900004563           09      00        
0330002300066Z70976E14F55B39D8AF574EF                                         PGTFORNB25022013900004563                                                                                                                               00        
0330002300067J00023792562000000445560260193032000000800075810CESTARI INDL E COMERCIAL SA   25022013000000000044556000000000000000000000000000000250220130000000000445560000000000000004281                900004564           09      00        
0330002300068Z70976E169B1A3A9F9A54B52                                         PGTFORNB25022013900004564                                                                                                                               00        
0330002300069J00023793562000002820280260193032000000700075810CESTARI INDL E COMERCIAL SA   25022013000000000282028000000000000000000000000000000250220130000000002820280000000000000004282                900004565           09      00        
0330002300070Z70976E1CF85307348239FE4                                         PGTFORNB25022013900004565                                                                                                                               00        
0330002300071J00034194562000001117241090020019581012930309000DECAR AUTOPECAS LTDA          25022013000000000111724000000000000000000000000000000250220130000000001117240000000000000004283                900004566           09      00        
0330002300072Z70976E108F9B3057C15A214                                         PGTFORNB25022013900004566                                                                                                                               00        
0330002300073J00034195562000001727791127917507822938030539000DELPHI AUTOM SYSTEMS BR LTDA  25022013000000000172779000000000000000000000000000000250220130000000001727790000000000000004284                900004567           09      00        
0330002300074Z70976E1156E9F64D9FCB2F0                                         PGTFORNB25022013900004567                                                                                                                               00        
0330002300075J00023791562000000339770138093007000006601370000BBL SISTEMAS OPERACIONAIS LTDA25022013000000000033977000000000000000000000000000000250220130000000000339770000000000000004285                900004568           09      00        
0330002300076Z70976E19168320B705AAF2D                                         PGTFORNB25022013900004568                                                                                                                               00        
0330002300077J00034197562000000113281127650580632938000052000EATON LTDA                    25022013000000000011328000000000000000000000000000000250220130000000000113280000000000000004286                900004569           09      00        
0330002300078Z70976E1EF4BFD959710565D                                         PGTFORNB25022013900004569                                                                                                                               00        
0330002300079J00034191562000000032511127650586342938000052000EATON LTDA                    25022013000000000003251000000000000000000000000000000250220130000000000032510000000000000004287                900004570           09      00        
0330002300080Z70976E1E5B996F7ED11047B                                         PGTFORNB25022013900004570                                                                                                                               00        
0330002300081J00034191562000000301491127650586752938000052000EATON LTDA                    25022013000000000030149000000000000000000000000000000250220130000000000301490000000000000004288                900004571           09      00        
0330002300082Z70976E1E20C112D8136074E                                         PGTFORNB25022013900004571                                                                                                                               00        
0330002300083J00034191562000000348811128081858652938000052000EATON LTDA                    25022013000000000034881000000000000000000000000000000250220130000000000348810000000000000004289                900004572           09      00        
0330002300084Z70976E1B36D69C3BA135DC8                                         PGTFORNB25022013900004572                                                                                                                               00        
0330002300085J00023798562000000439543372090000005895400584500MAGGI CAMINHOES LTDA          25022013000000000043954000000000000000000000000000000250220130000000000439540000000000000004295                900004578           09      00        
0330002300086Z70976E15C847ECBDD6C9BEC                                         PGTFORNB25022013900004578                                                                                                                               00        
0330002300087J00034192562000000451261127767569032938025125000MAHLE METAL LEVE S/A          25022013000000000045126000000000000000000000000000000250220130000000000451260000000000000004296                900004579           09      00        
0330002300088Z70976E12A3A55C05D163A01                                         PGTFORNB25022013900004579                                                                                                                               00        
0330002300089J00034191562000000339291127767569112938025125000MAHLE METAL LEVE S/A          25022013000000000033929000000000000000000000000000000250220130000000000339290000000000000004297                900004580           09      00        
0330002300090Z70976E1CC12D50D43BD1C6D                                         PGTFORNB25022013900004580                                                                                                                               00        
0330002300091J00034194562000001305341127767568042938025125000MAHLE METAL LEVE S/A          25022013000000000130534000000000000000000000000000000250220130000000001305340000000000000004298                900004581           09      00        
0330002300092Z70976E12A2EBA4D53DFDC3D                                         PGTFORNB25022013900004581                                                                                                                               00        
0330002300093J00034191562000000137611127767568122938025125000MAHLE METAL LEVE S/A          25022013000000000013761000000000000000000000000000000250220130000000000137610000000000000004299                900004582           09      00        
0330002300094Z70976E1DAE75DCC9C76BD43                                         PGTFORNB25022013900004582                                                                                                                               00        
0330002300095J00034195562000000571061127767568202938025125000MAHLE METAL LEVE S/A          25022013000000000057106000000000000000000000000000000250220130000000000571060000000000000004300                900004583           09      00        
0330002300096Z70976E1404C8610ACFE34BA                                         PGTFORNB25022013900004583                                                                                                                               00        
0330002300097J00034193562000000285021127767568382938025125000MAHLE METAL LEVE S/A          25022013000000000028502000000000000000000000000000000250220130000000000285020000000000000004301                900004584           09      00        
0330002300098Z70976E116B931B328E75F65                                         PGTFORNB25022013900004584                                                                                                                               00        
0330002300099J00039996562000000945733133551235105313093513001REAL MOTO PECAS LTDA          25022013000000000094573000000000000000000000000000000250220130000000000945730000000000000004302                900004585           09      00        
0330002300100Z70976E114C690F4CD536AB4                                         PGTFORNB25022013900004585                                                                                                                               00        
0330002300101J00039991562000001552543133551241605313093513001REAL MOTO PECAS LTDA          25022013000000000155254000000000000000000000000000000250220130000000001552540000000000000004303                900004586           09      00        
0330002300102Z70976E169F6F70F648254EC                                         PGTFORNB25022013900004586                                                                                                                               00        
0330002300103J00039997562000001460723133547648705313093513001REAL MOTO PECAS LTDA          25022013000000000146072000000000000000000000000000000250220130000000001460720000000000000004304                900004587           09      00        
0330002300104Z70976E104D05658E2063EBC                                         PGTFORNB25022013900004587                                                                                                                               00        
0330002300105J00023797562000002918403395061180232906500028140ROCHESTER DISTRIBUIDORA DE AUT25022013000000000291840000000000000000000000000000000250220130000000002918400000000000000004305                900004588           09      00        
0330002300106Z70976E15235391C3E4D2834                                         PGTFORNB25022013900004588                                                                                                                               00        
0330002300107J00023792562000001281501998190000010217600503970VANUCCI IMPORTACAO EXPORT. E C25022013000000000128150000000000000000000000000000000250220130000000001281500000000000000004306                900004589           09      00        
0330002300108Z70976E1BD5670190007CD9D                                         PGTFORNB25022013900004589                                                                                                                               00        
0330002300109J00010493561900001316383602168000200040110928570PREFEITURA MUNICIPAL DE INDAIA24022013000000000131638000000000003949000000000000000250220130000000001276890000000000000004307                900004590           09      00        
0330002300110Z70976E19D33DD9FC4E703C2                                         PGTFORNB25022013900004590                                                                                                                               00        
0330002300111J00023792561900000542672372196600104686000360080TELEFONICA BRASIL S/A         24022013000000000054267000000000000000000000000000000250220130000000000542670000000000000004309                900004591           09      00        
0330002300112Z70976E14B0413B04F1285A7                                         PGTFORNB25022013900004591                                                                                                                               00        
0330002300113J00040997562000000510005267115800100200071483540UNIMED SALTO/ITU COOP TRAB MED25022013000000000051000000000000000000000000000000000250220130000000000510000000000000000004310                900004592           09      00        
0330002300114Z70976E1E4D9DB5C1C57CD73                                         PGTFORNB25022013900004592                                                                                                                               00        
0330002300115J00034198562000001183801128364748850295821649000FREIOS CONTROIL LTDA          25022013000000000118380000000000000000000000000000000250220130000000001183800000000000000004290                900004573           09      00        
0330002300116Z70976E17AA676D3E693A9A4                                         PGTFORNB25022013900004573                                                                                                                               00        
0330002300117J00034191562000003068671128364748930295821649000FREIOS CONTROIL LTDA          25022013000000000306867000000000000000000000000000000250220130000000003068670000000000000004291                900004574           09      00        
0330002300118Z70976E1738BA460A396DC59                                         PGTFORNB25022013900004574                                                                                                                               00        
0330002300119J00034194562000005715521561769558466881134644000HAIRAM IND E COM DE AUTOPECAS 25022013000000000571552000000000000000000000000000000250220130000000005715520000000000000004292                900004575           09      00        
0330002300120Z70976E18CC64E157B48062D                                         PGTFORNB25022013900004575                                                                                                                               00        
0330002300121J00000199562000010179860443907953434040000443511IGASA SA IND E COM DE AUTO PEC25022013000000001017986000000000000000000000000000000250220130000000010179860000000000000004293                900004576           09      00        
0330002300122Z70976E19DE4A8C1FD358314                                         PGTFORNB25022013900004576                                                                                                                               00        
03300025         000124000000000006959765000000000000000000310225                                                                                                                                                                               
03399999         000002000132000000                                                                                                                                                                                                             
