03300000         2054375370001370033006500490028050300065 0000480000414 AUTO GERAL DE ITU LTDA        SANTANDER                               21911201203003300005106000000                                                                     
03300011C2030030 2054375370001370033006500490028050300065 0000480000414 AUTO GERAL DE ITU LTDA                                                                              00000                                   00000000                    
0330001300001J00003391552200000358509492147000000000457210104J FREITAS COM IMP E EXP LTDA  1911201200000000003585000000000000000000000000000000019112012000000000035850000000000000000903                 900001147           09      00        
0330001300002Z70976E1608B1C56A631B562                                         PGTFORNB19112012900001147                                                                                                                               00        
0330001300003J00003397552200003330109499820000000000213850104KS PRODUTOS AUTOMOTIVOS LTDA  1911201200000000033301000000000000000000000000000000019112012000000000333010000000000000000904                 900001148           09      00        
0330001300004Z70976E16BE712F75BCDDBF5                                         PGTFORNB19112012900001148                                                                                                                               00        
0330001300005J00003396552200019917569489019100000092000450104KSPG AUTOMOTIVE BRASIL LTDA   1911201200000000199175600000000000000000000000000000019112012000000001991756000000000000000905                 900001149           09      00        
0330001300006Z70976E158AFCC65CD0AEF6A                                         PGTFORNB19112012900001149                                                                                                                               00        
0330001300007J00035691552200000354600409503986790000000240402ITA PECAS PARA VEIC COM E SERV1911201200000000003546000000000000000000000000000000019112012000000000035460000000000000000902                 900001195           09      00        
0330001300008Z70976E11C4021D79F292860                                         PGTFORNB19112012900001195                                                                                                                               00        
03300015         000010000000000002396076000000000000000000301119                                                                                                                                                                               
03300021C2031030 2054375370001370033006500490028050300065 0000480000414 AUTO GERAL DE ITU LTDA                                                                              00000                                   00000000                    
0330002300001J00034198000000000000001748981577420762503555000L.P. E L.S IND C A PC LT EPP  1911201200000000038922400000000000000000000000000000019112012000000000389224000000000000000906                 900001196           09      00        
0330002300002Z70976E119DFE63BFE38486C                                         PGTFORNB19112012900001196                                                                                                                               00        
0330002300003J00034191552000000055501125112460380076000777000CENTER PECAS FABBRI LTDA      1711201200000000000555000000000000000000000000000000019112012000000000005550000000000000000857                 900001150           09      00        
0330002300004Z70976E1ABEAAA0E5CE27332                                         PGTFORNB19112012900001150                                                                                                                               00        
0330002300005J00023799552200002669293484092275000075001129000PETRONAS LUBRIFICANTES BRASIL 1911201200000000026692900000000000000000000000000000019112012000000000266929000000000000000912                 900001202           09      00        
0330002300006Z70976E13CEE964C9A9C30E9                                         PGTFORNB19112012900001202                                                                                                                               00        
0330002300007J00023794552200000185003372097672307832300536350MAGGI MOTOS LTDA              1911201200000000001850000000000000000000000000000000019112012000000000018500000000000000000907                 900001197           09      00        
0330002300008Z70976E1F3C6CC5D5530F20D                                         PGTFORNB19112012900001197                                                                                                                               00        
0330002300009J00034191552200000745011123262182068351016152000MANDO MACHINERY LTDA          1911201200000000007450100000000000000000000000000000019112012000000000074501000000000000000908                 900001198           09      00        
0330002300010Z70976E1E5C4798FCBAF4EE7                                         PGTFORNB19112012900001198                                                                                                                               00        
0330002300011J00034192552000000028501125112460200076000777000CENTER PECAS FABBRI LTDA      1711201200000000000285000000000000000000000000000000019112012000000000002850000000000000000858                 900001151           09      00        
0330002300012Z70976E11FF36B3C6E2443B8                                         PGTFORNB19112012900001151                                                                                                                               00        
0330002300013J00034191552000000157201125112460790076000777000CENTER PECAS FABBRI LTDA      1711201200000000001572000000000000000000000000000000019112012000000000015720000000000000000859                 900001152           09      00        
0330002300014Z70976E1026DBD4D683473F4                                         PGTFORNB19112012900001152                                                                                                                               00        
0330002300015J00034193552000000090001125112460120076000777000CENTER PECAS FABBRI LTDA      1711201200000000000900000000000000000000000000000000019112012000000000009000000000000000000860                 900001153           09      00        
0330002300016Z70976E19F685D6EC1AEB514                                         PGTFORNB19112012900001153                                                                                                                               00        
0330002300017J00000195552000000839000000001563680000002948017DIRECOES HIDRAULICAS LONDRINA 1711201200000000008390000000000000000000000000000000019112012000000000083900000000000000000861                 900001154           09      00        
0330002300018Z70976E1A33A1A1049FE564C                                         PGTFORNB19112012900001154                                                                                                                               00        
0330002300019J00034191552000000161431124332433032938000052000EATON LTDA                    1711201200000000001614300000000000000000000000000000019112012000000000016143000000000000000862                 900001155           09      00        
0330002300020Z70976E10D02111259F10558                                         PGTFORNB19112012900001155                                                                                                                               00        
0330002300021J00034193552000000119371124332432952938000052000EATON LTDA                    1711201200000000001193700000000000000000000000000000019112012000000000011937000000000000000863                 900001156           09      00        
0330002300022Z70976E124AE331FB45499E0                                         PGTFORNB19112012900001156                                                                                                                               00        
0330002300023J00034191552000000022481125192457272938000052000EATON LTDA                    1711201200000000000224800000000000000000000000000000019112012000000000002248000000000000000864                 900001157           09      00        
0330002300024Z70976E12E7E3A612BC3BCC4                                         PGTFORNB19112012900001157                                                                                                                               00        
0330002300025J00034191552000000850791125192458182938000052000EATON LTDA                    1711201200000000008507900000000000000000000000000000019112012000000000085079000000000000000865                 900001158           09      00        
0330002300026Z70976E195496E3A432AA9FC                                         PGTFORNB19112012900001158                                                                                                                               00        
0330002300027J00034198552000000618191124177871436676980086000NOVA DISTR DE VEICULOS LTDA   1711201200000000006181900000000000000000000000000000019112012000000000061819000000000000000866                 900001159           09      00        
0330002300028Z70976E141107070641835A9                                         PGTFORNB19112012900001159                                                                                                                               00        
0330002300029J00023799552000002837342500090256566626900000340ODAPEL DISTR DE AUTO PECAS LTD1711201200000000028373400000000000000000000000000000019112012000000000283734000000000000000867                 900001160           09      00        
0330002300030Z70976E1016D59DB467485B3                                         PGTFORNB19112012900001160                                                                                                                               00        
0330002300031J00023793552000002820922500090256566627000000340ODAPEL DISTR DE AUTO PECAS LTD1711201200000000028209200000000000000000000000000000019112012000000000282092000000000000000868                 900001161           09      00        
0330002300032Z70976E1C08DD0589E7ED85D                                         PGTFORNB19112012900001161                                                                                                                               00        
0330002300033J00000195552000000420260000002096856000001932017PRV COM DE PECAS LTDA         1711201200000000004202600000000000000000000000000000019112012000000000042026000000000000000869                 900001162           09      00        
0330002300034Z70976E11E31E7C61AEF0C42                                         PGTFORNB19112012900001162                                                                                                                               00        
0330002300035J00023791552200001280283394090000010042000324600MORELATE DISTR AUTOPECAS LTDA 1911201200000000012802800000000000000000000000000000019112012000000000128028000000000000000909                 900001199           09      00        
0330002300036Z70976E1326A284AB5275616                                         PGTFORNB19112012900001199                                                                                                                               00        
0330002300037J00023794552200000275503484092275000123001129000PETRONAS LUBRIFICANTES BRASIL 1911201200000000002755000000000000000000000000000000019112012000000000027550000000000000000910                 900001200           09      00        
0330002300038Z70976E15CB01B75CD463178                                         PGTFORNB19112012900001200                                                                                                                               00        
0330002300039J00034197552100000027301125153896850076000777000CENTER PECAS FABBRI LTDA      1811201200000000000273000000000000000000000000000000019112012000000000002730000000000000000870                 900001163           09      00        
0330002300040Z70976E16D56CD0F56889E05                                         PGTFORNB19112012900001163                                                                                                                               00        
0330002300041J00034197552100001463931124370011112938000052000EATON LTDA                    1811201200000000014639300000000000000000000000000000019112012000000000146393000000000000000871                 900001164           09      00        
0330002300042Z70976E1EBF0E5E7C93CDBCF                                         PGTFORNB19112012900001164                                                                                                                               00        
0330002300043J00034191552100000685541124370020022938000052000EATON LTDA                    1811201200000000006855400000000000000000000000000000019112012000000000068554000000000000000872                 900001165           09      00        
0330002300044Z70976E14734A2CB66ECC74B                                         PGTFORNB19112012900001165                                                                                                                               00        
0330002300045J00034191552100000166311125094270952938000052000EATON LTDA                    1811201200000000001663100000000000000000000000000000019112012000000000016631000000000000000873                 900001166           09      00        
0330002300046Z70976E1840B17229662C44C                                         PGTFORNB19112012900001166                                                                                                                               00        
0330002300047J00034194552100000097121125275001392938000052000EATON LTDA                    1811201200000000000971200000000000000000000000000000019112012000000000009712000000000000000874                 900001167           09      00        
0330002300048Z70976E1DB3614B53308D7D4                                         PGTFORNB19112012900001167                                                                                                                               00        
0330002300049J00034194552100000142871125275001472938000052000EATON LTDA                    1811201200000000001428700000000000000000000000000000019112012000000000014287000000000000000875                 900001168           09      00        
0330002300050Z70976E198444EA9CC40B2CF                                         PGTFORNB19112012900001168                                                                                                                               00        
0330002300051J00034199552100000349691124258912752938107808000ELIVEL AUTOMOTORES LTDA       1811201200000000003496900000000000000000000000000000019112012000000000034969000000000000000876                 900001169           09      00        
0330002300052Z70976E1B1F5D53E6485B029                                         PGTFORNB19112012900001169                                                                                                                               00        
0330002300053J00023791552100000808002229091322931651300144050FLEX COM DE PECAS AUTOMOTIVA L1811201200000000008080000000000000000000000000000000019112012000000000080800000000000000000877                 900001170           09      00        
0330002300054Z70976E1963625DBC0E6398D                                         PGTFORNB19112012900001170                                                                                                                               00        
0330002300055J00023792552100000406002199090000011364600203330JBI COMERCIAL DE PLASTICOS REF1811201200000000004060000000000000000000000000000000019112012000000000040600000000000000000878                 900001171           09      00        
0330002300056Z70976E1AA97AB66055EE2EF                                         PGTFORNB19112012900001171                                                                                                                               00        
0330002300057J00000191552100000188990000001216979441720591231NOVA DISTRIBUIDORA DE VEICULOS1811201200000000001889900000000000000000000000000000019112012000000000018899000000000000000879                 900001172           09      00        
0330002300058Z70976E10E67911B496CD595                                         PGTFORNB19112012900001172                                                                                                                               00        
0330002300059J00023799552100000147832500090256566750600000340ODAPEL DISTR DE AUTO PECAS LTD1811201200000000001478300000000000000000000000000000019112012000000000014783000000000000000880                 900001173           09      00        
0330002300060Z70976E14DBB274D9A2FEFF6                                         PGTFORNB19112012900001173                                                                                                                               00        
0330002300061J00034192552100000363001124764345790384625000000PECAS AUTOMOTIVAS ZEENE LTDA  1811201200000000003630000000000000000000000000000000019112012000000000036300000000000000000881                 900001174           09      00        
0330002300062Z70976E1320359452B9EAE78                                         PGTFORNB19112012900001174                                                                                                                               00        
0330002300063J00000191552100002526900000002096856000001639817PRV COM DE PECAS LTDA         1811201200000000025269000000000000000000000000000000019112012000000000252690000000000000000882                 900001175           09      00        
0330002300064Z70976E17CB9930E23FD6D15                                         PGTFORNB19112012900001175                                                                                                                               00        
0330002300065J00000198552100001782270000002096856000001954617PRV COM DE PECAS LTDA         1811201200000000017822700000000000000000000000000000019112012000000000178227000000000000000883                 900001176           09      00        
0330002300066Z70976E150AD9DE240A66EFF                                         PGTFORNB19112012900001176                                                                                                                               00        
0330002300067J00000197552100000380100000002096856000001953617PRV COM DE PECAS LTDA         1811201200000000003801000000000000000000000000000000019112012000000000038010000000000000000884                 900001177           09      00        
0330002300068Z70976E12984CD47A5C9FCB8                                         PGTFORNB19112012900001177                                                                                                                               00        
0330002300069J00023792552100001444653395061180232809100028140ROCHESTER DISTR DE AUTOPECAS S1811201200000000014446500000000000000000000000000000019112012000000000144465000000000000000885                 900001178           09      00        
0330002300070Z70976E12F1C5975DF41C1BC                                         PGTFORNB19112012900001178                                                                                                                               00        
0330002300071J00023799552100000396013395090000004757200650000SORANA SUL                    1811201200000000003960100000000000000000000000000000019112012000000000039601000000000000000886                 900001179           09      00        
0330002300072Z70976E1616B14221205B89B                                         PGTFORNB19112012900001179                                                                                                                               00        
0330002300073J00023791552200000233323484092291000014101129000PETRONAS LUBRIFICANTES BRASIL 1911201200000000002333200000000000000000000000000000019112012000000000023332000000000000000913                 900001203           09      00        
0330002300074Z70976E17FDB00F51717D866                                         PGTFORNB19112012900001203                                                                                                                               00        
0330002300075J00034191552200000942761125543475290191074004000POLIPECAS COMERCIAL E IMPORTAD1911201200000000009427600000000000659900000000000000019112012000000000087677000000000000000914                 900001204           09      00        
0330002300076Z70976E107B3567D7FABBA30                                         PGTFORNB19112012900001204                                                                                                                               00        
0330002300077J00000197552200000773600000002096856000001964717PRV COMERCIO DE PECAS LTDA    1911201200000000007736000000000000000000000000000000019112012000000000077360000000000000000915                 900001205           09      00        
0330002300078Z70976E13BC2D83A95CA5869                                         PGTFORNB19112012900001205                                                                                                                               00        
0330002300079J00039991552200004420732053169139405313093513001REAL MOTO PECAS LTDA          1911201200000000044207300000000000000000000000000000019112012000000000442073000000000000000916                 900001206           09      00        
0330002300080Z70976E17A6E4E3B03FA236B                                         PGTFORNB19112012900001206                                                                                                                               00        
0330002300081J00000192552200001896670000001244482993004405417RPT DISTRIBUIDORA DE AUTO PCS 1911201200000000018966700000000000000000000000000000019112012000000000189667000000000000000917                 900001207           09      00        
0330002300082Z70976E13841C093D693F90C                                         PGTFORNB19112012900001207                                                                                                                               00        
0330002300083J00000194552200000393330000001244482993004997217RPT DISTRIBUIDORA DE AUTO PCS 1911201200000000003933300000000000000000000000000000019112012000000000039333000000000000000918                 900001208           09      00        
0330002300084Z70976E1278E5EB15908DD8F                                         PGTFORNB19112012900001208                                                                                                                               00        
0330002300085J00039998552200001333221763540903704540575219001TRELLEBORG AUTOMOTIVE DO BRASI1911201200000000013332200000000000000000000000000000019112012000000000133322000000000000000919                 900001209           09      00        
0330002300086Z70976E15462A9041AF87241                                         PGTFORNB19112012900001209                                                                                                                               00        
0330002300087J00023791552200001381183178190000018191800421050TUPER DISTRIB. PROD. METALURGI1911201200000000013811800000000000000000000000000000019112012000000000138118000000000000000920                 900001210           09      00        
0330002300088Z70976E158B7FD48F2FF0A20                                         PGTFORNB19112012900001210                                                                                                                               00        
0330002300089J00039991552200000693111763026944004540079149001BANCO SOFISA SA               1911201200000000006931100000000000000000000000000000019112012000000000069311000000000000000921                 900001211           09      00        
0330002300090Z70976E169E0F17183EA057E                                         PGTFORNB19112012900001211                                                                                                                               00        
0330002300091J00039994552200000021881763026945804540079149001BANCO SOFISA SA               1911201200000000000218800000000000000000000000000000019112012000000000002188000000000000000922                 900001212           09      00        
0330002300092Z70976E1C2A4CF0F39521BE3                                         PGTFORNB19112012900001212                                                                                                                               00        
0330002300093J00000194552200000400009946819946819900302907221SICAP SIND COM ATAC IMP EXP E 1911201200000000004000000000000000000000000000000000019112012000000000040000000000000000000923                 900001213           09      00        
0330002300094Z70976E1878D6C630B734E6B                                         PGTFORNB19112012900001213                                                                                                                               00        
0330002300095J00034195552200000284371125274809772938000052000EATON  LTDA                   1911201200000000002843700000000000000000000000000000019112012000000000028437000000000000000895                 900001188           09      00        
0330002300096Z70976E121F3AC48C8982E0F                                         PGTFORNB19112012900001188                                                                                                                               00        
0330002300097J00034197552200000049171124849267722938000052000EATON  LTDA                   1911201200000000000491700000000000000000000000000000019112012000000000004917000000000000000896                 900001189           09      00        
0330002300098Z70976E112333F87E3B2A92B                                         PGTFORNB19112012900001189                                                                                                                               00        
0330002300099J00034191552200000067101125275010952938000052000EATON  LTDA                   1911201200000000000671000000000000000000000000000000019112012000000000006710000000000000000897                 900001190           09      00        
0330002300100Z70976E126317CFAE5BE2DF2                                         PGTFORNB19112012900001190                                                                                                                               00        
0330002300101J00034195552200000455561123517476730046365078000FELICIO VIGORITO FILHOS LTDA  1911201200000000004555600000000000000000000000000000019112012000000000045556000000000000000898                 900001191           09      00        
0330002300102Z70976E19EB4E8F66A12EA52                                         PGTFORNB19112012900001191                                                                                                                               00        
0330002300103J00034195552200005500151090304026150109276204000GIRANDO COMERCIO DE PECAS LTDA1911201200000000055001500000000000000000000000000000019112012000000000550015000000000000000899                 900001192           09      00        
0330002300104Z70976E12720DE248C64DA93                                         PGTFORNB19112012900001192                                                                                                                               00        
0330002300105J00023793552200001199003180091322841296200158190GUPE DISTR DE AUTOPECAS LTDA  1911201200000000011990000000000000000000000000000000019112012000000000119900000000000000000900                 900001193           09      00        
0330002300106Z70976E10DF738D01FF1DFC7                                         PGTFORNB19112012900001193                                                                                                                               00        
0330002300107J00034194552200004776001570328958050069637890000HT COMPONENTES AUTOMOTIVOS LTD1911201200000000047760000000000000000000000000000000019112012000000000477600000000000000000901                 900001194           09      00        
0330002300108Z70976E1E7C5E87B4A794D0C                                         PGTFORNB19112012900001194                                                                                                                               00        
0330002300109J00000195552200000397821823850324329130010401917CAMPINAS DIESEL LTDA          1911201200000000003978200000000000000000000000000000019112012000000000039782000000000000000887                 900001180           09      00        
0330002300110Z70976E1C2616880ED5F741D                                         PGTFORNB19112012900001180                                                                                                                               00        
0330002300111J00000192552200001242000441720127619140000100711CDMD COM DE VEICULOS AUTOMOTOR1911201200000000012420000000000000000000000000000000019112012000000000124200000000000000000888                 900001181           09      00        
0330002300112Z70976E110D18C0F929A674D                                         PGTFORNB19112012900001181                                                                                                                               00        
0330002300113J00000197552200000192000441720127919140000100711CDMD COM DE VEICULOS AUTOMOTOR1911201200000000001920000000000000000000000000000000019112012000000000019200000000000000000889                 900001182           09      00        
0330002300114Z70976E123150F3D6C2853EC                                         PGTFORNB19112012900001182                                                                                                                               00        
0330002300115J00023795552200005505840119060000000918400682000CORCERAMA COM DE AUTOPECAS LTD1911201200000000055058400000000000000000000000000000019112012000000000550584000000000000000890                 900001183           09      00        
0330002300116Z70976E1106596C51D4B4B8B                                         PGTFORNB19112012900001183                                                                                                                               00        
0330002300117J00000197552200002758724584341666900370004790718DB DISTRIBUIDORA DE BATERIA LT1911201200000000027587200000000000000000000000000000019112012000000000275872000000000000000891                 900001184           09      00        
0330002300118Z70976E1B80C7E4D97172374                                         PGTFORNB19112012900001184                                                                                                                               00        
0330002300119J00000196552200002508284584341667000370004790718DB DISTRIBUIDORA DE BATERIA LT1911201200000000025082800000000000000000000000000000019112012000000000250828000000000000000892                 900001185           09      00        
0330002300120Z70976E15E1C4F55857E945F                                         PGTFORNB19112012900001185                                                                                                                               00        
0330002300121J00023798552200000261320138092296000004101453000OBB CONSULTORIA E PARTICIPACOE1911201200000000002613200000000000000000000000000000019112012000000000026132000000000000000893                 900001186           09      00        
0330002300122Z70976E15B90602D69A66D36                                         PGTFORNB19112012900001186                                                                                                                               00        
0330002300123J00034199552200000080991124849267492938000052000EATON  LTDA                   1911201200000000000809900000000000000000000000000000019112012000000000008099000000000000000894                 900001187           09      00        
0330002300124Z70976E1700C13287C9B9082                                         PGTFORNB19112012900001187                                                                                                                               00        
0330002300125J00023792552200007338763484092275000074701129000PETRONAS LUBRIFICANTES BRASIL 1911201200000000073387600000000000000000000000000000019112012000000000733876000000000000000911                 900001201           09      00        
0330002300126Z70976E1790CEEF64A398B2D                                         PGTFORNB19112012900001201                                                                                                                               00        
03300025         000128000000000007448570000000000000000000311119                                                                                                                                                                               
03399999         000002000140000000                                                                                                                                                                                                             
