03300000         2054375370001370033006500490028050300065 0000480000414 AUTO GERAL DE ITU LTDA        SANTANDER                               22811201202242800006606000000                                                                     
03300011C2030030 2054375370001370033006500490028050300065 0000480000414 AUTO GERAL DE ITU LTDA                                                                              00000                                   00000000                    
0330001300001J00003398553100003382649513931700000103391670101DISTRIBUIDORA AUTOMOTIVA S.A  28112012000000000338264000000000000000000000000000000281120120000000003382640000000000000001200                900001482           09      00        
0330001300002Z70976E14C36D44D1CB097C0                                         PGTFORNB28112012900001482                                                                                                                               00        
0330001300003J00035693553100000561900689070323490000004891218DISTRIBUIDORA AUTOMOTIVA S.A  28112012000000000056190000000000000000000000000000000281120120000000000561900000000000000001206                900001496           09      00        
0330001300004Z70976E16EF8138C6C187CA9                                         PGTFORNB28112012900001496                                                                                                                               00        
0330001300005J00035693553100000341220409503986750000000237071ITA PECAS PARA VEIC COM E SERV28112012000000000034122000000000000000000000000000000281120120000000000341220000000000000001213                900001503           09      00        
0330001300006Z70976E1110AD9EA4BE041B2                                         PGTFORNB28112012900001503                                                                                                                               00        
0330001300007J00035692553100004266410689070323490000005743244DISTRIBUIDORA AUTOMOTIVA S.A  28112012000000000426641000000000000000000000000000000281120120000000004266410000000000000001201                900001491           09      00        
0330001300008Z70976E12CDF5B6E3D74F83A                                         PGTFORNB28112012900001491                                                                                                                               00        
0330001300009J00035691553100000706400689070323410000004891315DISTRIBUIDORA AUTOMOTIVA S.A  28112012000000000070640000000000000000000000000000000281120120000000000706400000000000000001202                900001492           09      00        
0330001300010Z70976E13C1A45E62885CB0D                                         PGTFORNB28112012900001492                                                                                                                               00        
0330001300011J00035691553100000189300689070323490000004891317DISTRIBUIDORA AUTOMOTIVA S.A  28112012000000000018930000000000000000000000000000000281120120000000000189300000000000000001203                900001493           09      00        
0330001300012Z70976E170A5077BB09948F8                                         PGTFORNB28112012900001493                                                                                                                               00        
0330001300013J00035698553100000465160689070323410000004891273DISTRIBUIDORA AUTOMOTIVA S.A  28112012000000000046516000000000000000000000000000000281120120000000000465160000000000000001204                900001494           09      00        
0330001300014Z70976E1388A20D24041A3F6                                         PGTFORNB28112012900001494                                                                                                                               00        
0330001300015J00035693553100002926350689070323430000005555941DISTRIBUIDORA AUTOMOTIVA S.A  28112012000000000292635000000000000000000000000000000281120120000000002926350000000000000001205                900001495           09      00        
0330001300016Z70976E1754553DC60B90A5A                                         PGTFORNB28112012900001495                                                                                                                               00        
03300015         000018000000000001283938000000000000000000301128                                                                                                                                                                               
03300021C2031030 2054375370001370033006500490028050300065 0000480000414 AUTO GERAL DE ITU LTDA                                                                              00000                                   00000000                    
0330002300001J00023794553100000272950138092284000003801370000BBL SISTEMAS OPERACIONAIS LTDA28112012000000000027295000000000000000000000000000000281120120000000000272950000000000000001207                900001497           09      00        
0330002300002Z70976E1FB858AA61DF9C9BA                                         PGTFORNB28112012900001497                                                                                                                               00        
0330002300003J00023791553100000290490138092305000001701370000BBL SISTEMAS OPERACIONAIS LTDA28112012000000000029049000000000000000000000000000000281120120000000000290490000000000000001208                900001498           09      00        
0330002300004Z70976E17D31CD85AEAF5795                                         PGTFORNB28112012900001498                                                                                                                               00        
0330002300005J00034199553100001441981125502271962938000052000EATON  LTDA                   28112012000000000144198000000000000000000000000000000281120120000000001441980000000000000001209                900001499           09      00        
0330002300006Z70976E11E5628F2180B214B                                         PGTFORNB28112012900001499                                                                                                                               00        
0330002300007J00039998553100000588821763167500004570524809001F CONFURTO IND COM PCS E ACESS28112012000000000058882000000000000000000000000000000281120120000000000588820000000000000001210                900001500           09      00        
0330002300008Z70976E1E1C7B4B8A2418715                                         PGTFORNB28112012900001500                                                                                                                               00        
0330002300009J00000197553100001370520000001743106000000144417FOCUS PRODUTOS AUTOMOTIVOS LTD28112012000000000137052000000000000000000000000000000281120120000000001370520000000000000001211                900001501           09      00        
0330002300010Z70976E1CFFA422D6306B173                                         PGTFORNB28112012900001501                                                                                                                               00        
0330002300011J00034194553100000489191090304073660109276204000GIRANDO COMERCIO DE PECAS LTDA28112012000000000048919000000000000000000000000000000281120120000000000489190000000000000001212                900001502           09      00        
0330002300012Z70976E1FF11EB2CDC2EB8F3                                         PGTFORNB28112012900001502                                                                                                                               00        
0330002300013J00000195553100007407670442085500834280000630911JOFUND S/A                    28112012000000000740767000000000000000000000000000000281120120000000007407670000000000000001214                900001504           09      00        
0330002300014Z70976E1507164A62BC8C605                                         PGTFORNB28112012900001504                                                                                                                               00        
0330002300015J00034196553100000100921125893935551248027078000BANCO VOTORANTIM SA           28112012000000000010092000000000000000000000000000000281120120000000000100920000000000000001215                900001505           09      00        
0330002300016Z70976E19B1CB404D525FDB9                                         PGTFORNB28112012900001505                                                                                                                               00        
0330002300017J00034196553100000130101125893933991248027078000BANCO VOTORANTIM SA           28112012000000000013010000000000000000000000000000000281120120000000000130100000000000000001216                900001506           09      00        
0330002300018Z70976E188A5A1C1F22C3F49                                         PGTFORNB28112012900001506                                                                                                                               00        
0330002300019J00023793553100005088122002061201371980100829680COMERCIAL AUTOMOTIVA S.A      28112012000000000508812000000000000000000000000000000281120120000000005088120000000000000001192                900001483           09      00        
0330002300020Z70976E1AEEC116FEC6943A4                                         PGTFORNB28112012900001483                                                                                                                               00        
0330002300021J00023794553100003477962002061201371936100829680COMERCIAL AUTOMOTIVA S.A      28112012000000000347796000000000000000000000000000000281120120000000003477960000000000000001193                900001484           09      00        
0330002300022Z70976E1F0D7862D174138A7                                         PGTFORNB28112012900001484                                                                                                                               00        
0330002300023J00039998553100000952671763970993004061860231001CAR CENTRAL DE AUTOPECAS E ROL28112012000000000095267000000000000000000000000000000281120120000000000952670000000000000001194                900001485           09      00        
0330002300024Z70976E1C74ECB59E31DE377                                         PGTFORNB28112012900001485                                                                                                                               00        
0330002300025J00039991553100001213641763970996504061860231001CAR CENTRAL DE AUTOPECAS E ROL28112012000000000121364000000000000000000000000000000281120120000000001213640000000000000001195                900001486           09      00        
0330002300026Z70976E1D02107315CD9B785                                         PGTFORNB28112012900001486                                                                                                                               00        
0330002300027J00034192553100000273001125685373540076000777000CENTER PECAS FABBRI LTDA      28112012000000000027300000000000000000000000000000000281120120000000000273000000000000000001196                900001487           09      00        
0330002300028Z70976E1E6C593A59F27BB8E                                         PGTFORNB28112012900001487                                                                                                                               00        
0330002300029J00039991553100001062978145173469504540096965001PELLEGRINO DIST DE AUTOPECAS L28112012000000000106297000000000000000000000000000000281120120000000001062970000000000000001217                900001507           09      00        
0330002300030Z70976E188070A358AB288C7                                         PGTFORNB28112012900001507                                                                                                                               00        
0330002300031J00039991553100004531208144665646504540096965001PELLEGRINO DIST DE AUTOPECAS L28112012000000000453120000000000000000000000000000000281120120000000004531200000000000000001218                900001508           09      00        
0330002300032Z70976E15E3766D05CE3CB1F                                         PGTFORNB28112012900001508                                                                                                                               00        
0330002300033J00039991553100002482188144665624404540096965001PELLEGRINO DIST DE AUTOPECAS L28112012000000000248218000000000000000000000000000000281120120000000002482180000000000000001219                900001509           09      00        
0330002300034Z70976E15DE22244C6630B19                                         PGTFORNB28112012900001509                                                                                                                               00        
0330002300035J00039999553100000370778144665626004540096965001PELLEGRINO DIST DE AUTOPECAS L28112012000000000037077000000000000000000000000000000281120120000000000370770000000000000001220                900001510           09      00        
0330002300036Z70976E1BD69C4EBE8F25D34                                         PGTFORNB28112012900001510                                                                                                                               00        
0330002300037J00039996553100000225586696533878104540096965001PELLEGRINO DIST DE AUTOPECAS L28112012000000000022558000000000000000000000000000000281120120000000000225580000000000000001221                900001511           09      00        
0330002300038Z70976E1A6B3AC08569EFCD7                                         PGTFORNB28112012900001511                                                                                                                               00        
0330002300039J00039994553100000397842696543934904540096965001PELLEGRINO DIST DE AUTOPECAS L28112012000000000039784000000000000000000000000000000281120120000000000397840000000000000001222                900001512           09      00        
0330002300040Z70976E16B26AD72A491A935                                         PGTFORNB28112012900001512                                                                                                                               00        
0330002300041J00000198553100000143250000001597457122106461417PETROBRAS DISTRIBUIDORA       28112012000000000014325000000000000000000000000000000281120120000000000143250000000000000001223                900001513           09      00        
0330002300042Z70976E1B86598FFFCDBB8B1                                         PGTFORNB28112012900001513                                                                                                                               00        
0330002300043J00000198553100008263020000001597457122141508917PETROBRAS DISTRIBUIDORA       28112012000000000826302000000000000000000000000000000281120120000000008263020000000000000001224                900001514           09      00        
0330002300044Z70976E1C61CA1D850DE4748                                         PGTFORNB28112012900001514                                                                                                                               00        
0330002300045J00000194553100011881060000001597457122141508517PETROBRAS DISTRIBUIDORA       28112012000000001188106000000000000000000000000000000281120120000000011881060000000000000001225                900001515           09      00        
0330002300046Z70976E164071DBF9228A4EC                                         PGTFORNB28112012900001515                                                                                                                               00        
0330002300047J00000195553100003232850000001597457122141508717PETROBRAS DISTRIBUIDORA       28112012000000000323285000000000000000000000000000000281120120000000003232850000000000000001226                900001516           09      00        
0330002300048Z70976E16ED27F485C6A6DA6                                         PGTFORNB28112012900001516                                                                                                                               00        
0330002300049J00000198553100000851320000001597457122142380417PETROBRAS DISTRIBUIDORA       28112012000000000085132000000000000000000000000000000281120120000000000851320000000000000001227                900001517           09      00        
0330002300050Z70976E1B7FB6B14FEBD6E2F                                         PGTFORNB28112012900001517                                                                                                                               00        
0330002300051J00023794553100000438013484092289000016301129000PETRONAS LUBRIFICANTES BRASIL 28112012000000000043801000000000000000000000000000000281120120000000000438010000000000000001228                900001518           09      00        
0330002300052Z70976E1F5D99367D844BB1F                                         PGTFORNB28112012900001518                                                                                                                               00        
0330002300053J00034192553100001561991126144484320191074004000POLIPECAS COMERCIAL E IMPORTAD28112012000000000156199000000000010934000000000000000281120120000000001452650000000000000001229                900001519           09      00        
0330002300054Z70976E1932D11DB0EF5BC7B                                         PGTFORNB28112012900001519                                                                                                                               00        
0330002300055J00034198553100001314221126144484240191074004000POLIPECAS COMERCIAL E IMPORTAD28112012000000000131422000000000009200000000000000000281120120000000001222220000000000000001230                900001520           09      00        
0330002300056Z70976E1CE4EE70A472347DE                                         PGTFORNB28112012900001520                                                                                                                               00        
0330002300057J00039991553100000659522053174526505313093513001REAL MOTO PECAS LTDA          28112012000000000065952000000000000000000000000000000281120120000000000659520000000000000001231                900001521           09      00        
0330002300058Z70976E1D225E95ADB0957C9                                         PGTFORNB28112012900001521                                                                                                                               00        
0330002300059J00039993553100001390322053175226105313093513001REAL MOTO PECAS LTDA          28112012000000000139032000000000000000000000000000000281120120000000001390320000000000000001232                900001522           09      00        
0330002300060Z70976E1917AC9EAA45A0AAF                                         PGTFORNB28112012900001522                                                                                                                               00        
0330002300061J00000191553100000250960000001244482993005211317RPT DISTRIBUIDORA DE AUTO PCS 28112012000000000025096000000000000000000000000000000281120120000000000250960000000000000001233                900001523           09      00        
0330002300062Z70976E1BA1FB0E71D95F12A                                         PGTFORNB28112012900001523                                                                                                                               00        
0330002300063J00000191553100000654020000002175416000002718817SK AUTOMOTIVE S/A DIST AUTOPEC28112012000000000065402000000000000000000000000000000281120120000000000654020000000000000001234                900001524           09      00        
0330002300064Z70976E1CAC894F86DB2BB43                                         PGTFORNB28112012900001524                                                                                                                               00        
0330002300065J00000193553100001084230000002175416000002716817SK AUTOMOTIVE S/A DIST AUTOPEC28112012000000000108423000000000000000000000000000000281120120000000001084230000000000000001235                900001525           09      00        
0330002300066Z70976E128C245685990BD6F                                         PGTFORNB28112012900001525                                                                                                                               00        
0330002300067J00000191553100002211040000002175416000002718517SK AUTOMOTIVE S/A DIST AUTOPEC28112012000000000221104000000000000000000000000000000281120120000000002211040000000000000001236                900001526           09      00        
0330002300068Z70976E180915FA61615040E                                         PGTFORNB28112012900001526                                                                                                                               00        
0330002300069J00000199553100000893780000001451450000033804917SK AUTOMOTIVE S/A DIST AUTOPEC28112012000000000089378000000000000000000000000000000281120120000000000893780000000000000001237                900001527           09      00        
0330002300070Z70976E14A10D309CED94048                                         PGTFORNB28112012900001527                                                                                                                               00        
0330002300071J00000193553100008608280000001103966442402128711TARANTO COML IMP E EXP        28112012000000000860828000000000000000000000000000000281120120000000008608280000000000000001238                900001528           09      00        
0330002300072Z70976E100165F193AE21FD9                                         PGTFORNB28112012900001528                                                                                                                               00        
0330002300073J00023793553100002461643178300000005002800421060TUPER DISTRIB. PROD. METALURGI28112012000000000246164000000000000000000000000000000281120120000000002461640000000000000001239                900001529           09      00        
0330002300074Z70976E1BACF0C009428A267                                         PGTFORNB28112012900001529                                                                                                                               00        
0330002300075J00023791553100000525060260192306000000800075810CESTARI INDL E COMERCIAL SA   28112012000000000052506000000000000000000000000000000281120120000000000525060000000000000001197                900001488           09      00        
0330002300076Z70976E1AA6B5F7A5421F6C5                                         PGTFORNB28112012900001488                                                                                                                               00        
0330002300077J00023795553100001094590260192306000001600075810CESTARI INDL E COMERCIAL SA   28112012000000000109459000000000000000000000000000000281120120000000001094590000000000000001198                900001489           09      00        
0330002300078Z70976E14C871DCB9AE8CFA4                                         PGTFORNB28112012900001489                                                                                                                               00        
0330002300079J00034198553100006365751125424095302938030539000DELPHI  AUTOM SYSTEMS BR LTDA 28112012000000000636575000000000000000000000000000000281120120000000006365750000000000000001199                900001490           09      00        
0330002300080Z70976E1AB226DF840791CE0                                         PGTFORNB28112012900001490                                                                                                                               00        
03300025         000082000000000008585214000000000000000000311128                                                                                                                                                                               
03300031C2003031 2054375370001370033006500490028050300065 0000480000414 AUTO GERAL DE ITU LTDA                                                                              00000                                   00000000                    
0330003300001A0007002370174340000000342033 ADACOPLAM AUTOPARTS COM INDL L1240                28112012BRL000000000000000000000000342569900001481           28112012000000000342569                                        07          000        
0330003300002B   262188180000134                              00000                                                  00000000  281120120000000003425690000000000000000000000000000000000000000000000000000000000000000                00        
0330003300003Z70976E1EA335115205672FA                                         PGTFORNB28112012900001481                                                                                                                               00        
03300035         000005000000000000342569000000000000000000031128                                                                                                                                                                               
03399999         000003000107000000                                                                                                                                                                                                             
