03300000         2054375370001370033006500490028050300065 0000480000414 AUTO GERAL DE ITU LTDA        SANTANDER                               22901201302175000018706000000                                                                     
03300011C2030030 2054375370001370033006500490028050300065 0000480000414 AUTO GERAL DE ITU LTDA                                                                              00000                                   00000000                    
0330001300001J00003396559300001154509308237700000000022320102VOBER IND E COM LTDA          29012013000000000115450000000000000000000000000000000290120130000000001154500000000000000003355                900003593           09      00        
0330001300002Z70976E14EAECBC280E6ED04                                         PGTFORNB29012013900003593                                                                                                                               00        
0330001300003J00035691559300000384940689070323420000004899457DISTRIBUIDORA AUTOMOTIVA S/A  29012013000000000038494000000000000000000000000000000290120130000000000384940000000000000003319                900003603           09      00        
0330001300004Z70976E14092F2C412F84F44                                         PGTFORNB29012013900003603                                                                                                                               00        
0330001300005J00035699559300000205960689070323460000004899651DISTRIBUIDORA AUTOMOTIVA S/A  29012013000000000020596000000000000000000000000000000290120130000000000205960000000000000003320                900003604           09      00        
0330001300006Z70976E1C80B26406C4AFC71                                         PGTFORNB29012013900003604                                                                                                                               00        
0330001300007J00035698559300007137870689070323490000004899658DISTRIBUIDORA AUTOMOTIVA S/A  29012013000000000713787000000000000000000000000000000290120130000000007137870000000000000003321                900003605           09      00        
0330001300008Z70976E16580916080B0C24F                                         PGTFORNB29012013900003605                                                                                                                               00        
0330001300009J00035694559300000115160689070323450000004899447DISTRIBUIDORA AUTOMOTIVA S/A  29012013000000000011516000000000000000000000000000000290120130000000000115160000000000000003322                900003606           09      00        
0330001300010Z70976E110EFB59DD2BC53EF                                         PGTFORNB29012013900003606                                                                                                                               00        
0330001300011J00035697559300001177720689070323440000004899497DISTRIBUIDORA AUTOMOTIVA S/A  29012013000000000117772000000000000000000000000000000290120130000000001177720000000000000003323                900003607           09      00        
0330001300012Z70976E13C6C37E5D8A43506                                         PGTFORNB29012013900003607                                                                                                                               00        
0330001300013J00035691559300000460700689070323440000004899448DISTRIBUIDORA AUTOMOTIVA S/A  29012013000000000046070000000000000000000000000000000290120130000000000460700000000000000003324                900003608           09      00        
0330001300014Z70976E18418A420F375B31C                                         PGTFORNB29012013900003608                                                                                                                               00        
0330001300015J00035694559300003764540689070323400000004899657DISTRIBUIDORA AUTOMOTIVA S/A  29012013000000000376454000000000000000000000000000000290120130000000003764540000000000000003325                900003609           09      00        
0330001300016Z70976E16ECE6960A42BD400                                         PGTFORNB29012013900003609                                                                                                                               00        
0330001300017J00035691559300000137940689070323450000004899652DISTRIBUIDORA AUTOMOTIVA S/A  29012013000000000013794000000000000000000000000000000290120130000000000137940000000000000003326                900003610           09      00        
0330001300018Z70976E1183AA8C8B5AD6B6A                                         PGTFORNB29012013900003610                                                                                                                               00        
0330001300019J00035696559300000208630689070323400000004899467DISTRIBUIDORA AUTOMOTIVA S/A  29012013000000000020863000000000000000000000000000000290120130000000000208630000000000000003327                900003611           09      00        
0330001300020Z70976E1F58D886290E4226D                                         PGTFORNB29012013900003611                                                                                                                               00        
0330001300021J00003398559300000696299308237700000000022160102VOBER IND E COM LTDA          29012013000000000069629000000000000000000000000000000290120130000000000696290000000000000003356                900003594           09      00        
0330001300022Z70976E18CCE0CBE7EA0AE73                                         PGTFORNB29012013900003594                                                                                                                               00        
03300015         000024000000000001544425000000000000000000300129                                                                                                                                                                               
03300021C2031030 2054375370001370033006500490028050300065 0000480000414 AUTO GERAL DE ITU LTDA                                                                              00000                                   00000000                    
0330002300001J00034197559300000105001571134949034518080884000CAMPOS SALLES C LTDA EPP      29012013000000000010500000000000000000000000000000000290120130000000000105000000000000000003311                900003595           09      00        
0330002300002Z70976E116DC4ED92A1C461B                                         PGTFORNB29012013900003595                                                                                                                               00        
0330002300003J00039991559300003899388144668406004540096965001PELLEGRINO DISTRIBUIDORA DE AU29012013000000000389938000000000000000000000000000000290120130000000003899380000000000000003335                900003619           09      00        
0330002300004Z70976E1B1F620F5D226BE16                                         PGTFORNB29012013900003619                                                                                                                               00        
0330002300005J00039991559300000374161767515940804540096965001PELLEGRINO DISTRIBUIDORA DE AU29012013000000000037416000000000000000000000000000000290120130000000000374160000000000000003336                900003620           09      00        
0330002300006Z70976E13589ADF33A3A76E4                                         PGTFORNB29012013900003620                                                                                                                               00        
0330002300007J00039997559300000554922696550570804540096965001PELLEGRINO DISTRIBUIDORA DE AU29012013000000000055492000000000000000000000000000000290120130000000000554920000000000000003337                900003621           09      00        
0330002300008Z70976E1F07452BA8A686D2F                                         PGTFORNB29012013900003621                                                                                                                               00        
0330002300009J00039998559300005415542696550535004540096965001PELLEGRINO DISTRIBUIDORA DE AU29012013000000000541554000000000000000000000000000000290120130000000005415540000000000000003338                900003622           09      00        
0330002300010Z70976E1E251337BFD521D9C                                         PGTFORNB29012013900003622                                                                                                                               00        
0330002300011J00039999559300003671048145177532404540096965001PELLEGRINO DISTRIBUIDORA DE AU29012013000000000367104000000000217486000000000000000290120130000000001496180000000000000003339                900003623           09      00        
0330002300012Z70976E1D8887B3C17A9C6E1                                         PGTFORNB29012013900003623                                                                                                                               00        
0330002300013J00039997559300000373236696534729204540096965001PELLEGRINO DISTRIBUIDORA DE AU29012013000000000037323000000000000000000000000000000290120130000000000373230000000000000003340                900003624           09      00        
0330002300014Z70976E17795432FC331AEE3                                         PGTFORNB29012013900003624                                                                                                                               00        
0330002300015J00039994559300001295542696550572404540096965001PELLEGRINO DISTRIBUIDORA DE AU29012013000000000129554000000000000000000000000000000290120130000000001295540000000000000003341                900003625           09      00        
0330002300016Z70976E1754BA6F980817504                                         PGTFORNB29012013900003625                                                                                                                               00        
0330002300017J00023794559300000750713684190000018741000673000POLIPECAS DISTRIBUIDORA AUTOMO29012013000000000075071000000000000000000000000000000290120130000000000750710000000000000003342                900003626           09      00        
0330002300018Z70976E1613039AC642E25BC                                         PGTFORNB29012013900003626                                                                                                                               00        
0330002300019J00023799559300000397623684190000018742300673000POLIPECAS DISTRIBUIDORA AUTOMO29012013000000000039762000000000000000000000000000000290120130000000000397620000000000000003343                900003627           09      00        
0330002300020Z70976E1FA47E72C75124EAD                                         PGTFORNB29012013900003627                                                                                                                               00        
0330002300021J00039992559300009733812315376960505313093513001REAL MOTO PECAS LTDA          29012013000000000973381000000000000000000000000000000290120130000000009733810000000000000003344                900003628           09      00        
0330002300022Z70976E1C1796815D2319BC6                                         PGTFORNB29012013900003628                                                                                                                               00        
0330002300023J00039991559300000267322315383643405313093513001REAL MOTO PECAS LTDA          29012013000000000026732000000000000000000000000000000290120130000000000267320000000000000003345                900003629           09      00        
0330002300024Z70976E154F036CDC405CF5A                                         PGTFORNB29012013900003629                                                                                                                               00        
0330002300025J00039991559300001409972315383402405313093513001REAL MOTO PECAS LTDA          29012013000000000140997000000000000000000000000000000290120130000000001409970000000000000003346                900003630           09      00        
0330002300026Z70976E13282974D4369F4FB                                         PGTFORNB29012013900003630                                                                                                                               00        
0330002300027J00039991559300000553352315383340005313093513001REAL MOTO PECAS LTDA          29012013000000000055335000000000000000000000000000000290120130000000000553350000000000000003347                900003631           09      00        
0330002300028Z70976E1823A91D3AB85046F                                         PGTFORNB29012013900003631                                                                                                                               00        
0330002300029J00000198559300002069000000002175416000003160017SK AUTOMOTIVE S/A DISTR AUTOPE29012013000000000206900000000000000000000000000000000290120130000000002069000000000000000003348                900003632           09      00        
0330002300030Z70976E12AA1EF1DA09CE705                                         PGTFORNB29012013900003632                                                                                                                               00        
0330002300031J00000192559300000031470000002175416000003162017SK AUTOMOTIVE S/A DISTR AUTOPE29012013000000000003147000000000000000000000000000000290120130000000000031470000000000000003349                900003633           09      00        
0330002300032Z70976E101AD597A7EE7FA31                                         PGTFORNB29012013900003633                                                                                                                               00        
0330002300033J00000191559300001390160000001538851000015779617SK AUTOMOTIVE S/A DISTR AUTOPE29012013000000000139016000000000000000000000000000000290120130000000001390160000000000000003350                900003634           09      00        
0330002300034Z70976E1552411D257AFFF1D                                         PGTFORNB29012013900003634                                                                                                                               00        
0330002300035J00023795559300000400004130074130004231705055970SK AUTOMOTIVE S/A DISTR AUTOPE29012013000000000040000000000000000000000000000000000290120130000000000400000000000000000003351                900003635           09      00        
0330002300036Z70976E16CAF523A718959B0                                         PGTFORNB29012013900003635                                                                                                                               00        
0330002300037J00034197559300002318741090000198675199147918000UNIBOMBAS IND COM DE AUTOPECAS29012013000000000231874000000000000000000000000000000290120130000000002318740000000000000003352                900003636           09      00        
0330002300038Z70976E19D248CBA9F866798                                         PGTFORNB29012013900003636                                                                                                                               00        
0330002300039J00000194559300003242680000001148003000007210317VESPOR AUTOMOTIVE DIST DE AUTO29012013000000000324268000000000000000000000000000000290120130000000003242680000000000000003353                900003637           09      00        
0330002300040Z70976E1A574C6FA84BE3FE0                                         PGTFORNB29012013900003637                                                                                                                               00        
0330002300041J00000195559300001230420000001291892000004569917VESPOR AUTOMOTIVE DIST DE AUTO29012013000000000123042000000000000000000000000000000290120130000000001230420000000000000003354                900003638           09      00        
0330002300042Z70976E1FD5FEAFC9F63383F                                         PGTFORNB29012013900003638                                                                                                                               00        
0330002300043J00023795559300003396662002061301393719100829680COMERCIAL AUTOMOTIVA S.A.     29012013000000000339666000000000000000000000000000000290120130000000003396660000000000000003313                900003597           09      00        
0330002300044Z70976E144888D6C63971992                                         PGTFORNB29012013900003597                                                                                                                               00        
0330002300045J00023791559300000476312002061301396263100829680COMERCIAL AUTOMOTIVA S.A.     29012013000000000047631000000000000000000000000000000290120130000000000476310000000000000003314                900003598           09      00        
0330002300046Z70976E1F1C800326FF7F88D                                         PGTFORNB29012013900003598                                                                                                                               00        
0330002300047J00023797559300000735572002061301393498100829680COMERCIAL AUTOMOTIVA S.A.     29012013000000000073557000000000000000000000000000000290120130000000000735570000000000000003315                900003599           09      00        
0330002300048Z70976E1644C6A684D0BC1BA                                         PGTFORNB29012013900003599                                                                                                                               00        
0330002300049J00023796559300001550352002061301393567100829680COMERCIAL AUTOMOTIVA S.A.     29012013000000000155035000000000000000000000000000000290120130000000001550350000000000000003316                900003600           09      00        
0330002300050Z70976E1D98152922B9BEAF3                                         PGTFORNB29012013900003600                                                                                                                               00        
0330002300051J00023797559300000321532002061301396236100829680COMERCIAL AUTOMOTIVA S.A.     29012013000000000032153000000000000000000000000000000290120130000000000321530000000000000003317                900003601           09      00        
0330002300052Z70976E1E40AD9B06AF2F26A                                         PGTFORNB29012013900003601                                                                                                                               00        
0330002300053J00034192559300000245761127177525082938036635000DAYCO POWER TRANSMISSION      29012013000000000024576000000000000000000000000000000290120130000000000245760000000000000003318                900003602           09      00        
0330002300054Z70976E15C93E2B708B5D8A3                                         PGTFORNB29012013900003602                                                                                                                               00        
0330002300055J00039996559300000141251767057234004061860231001CAR CENTRAL DE AUTOPECAS E ROL29012013000000000014125000000000000000000000000000000290120130000000000141250000000000000003312                900003596           09      00        
0330002300056Z70976E1010E46DD3BC88941                                         PGTFORNB29012013900003596                                                                                                                               00        
0330002300057J00034193559300000077761127359806932938000052000EATON LTDA                    29012013000000000007776000000000000000000000000000000290120130000000000077760000000000000003328                900003612           09      00        
0330002300058Z70976E16B96B7C9422CDBB2                                         PGTFORNB29012013900003612                                                                                                                               00        
0330002300059J00034191559300010022411090304375870109276204000GIRANDO COMERCIO DE PECAS LTDA29012013000000001002241000000000000000000000000000000290120130000000010022410000000000000003329                900003613           09      00        
0330002300060Z70976E18076EB0CEBB60BB0                                         PGTFORNB29012013900003613                                                                                                                               00        
0330002300061J00034191559300001890741090006238710054846332000GT COMERCIO DE LUBRIFICANTES L29012013000000000189074000000000000000000000000000000290120130000000001890740000000000000003330                900003614           09      00        
0330002300062Z70976E1603F00FD6587FA90                                         PGTFORNB29012013900003614                                                                                                                               00        
0330002300063J00000197559300000622910000001241264442910381011INCOPARTS IND E COM DE PECAS L29012013000000000062291000000000000000000000000000000290120130000000000622910000000000000003331                900003615           09      00        
0330002300064Z70976E11A0739B3E9A8ABEA                                         PGTFORNB29012013900003615                                                                                                                               00        
0330002300065J00034192559300000349471125410826352938074016000ITAVOX VEICULOS               29012013000000000034947000000000000000000000000000000290120130000000000349470000000000000003332                900003616           09      00        
0330002300066Z70976E18C567BD228459073                                         PGTFORNB29012013900003616                                                                                                                               00        
0330002300067J00023794559300001978040086092339000013300170000A FIRMA ASSESSORIA EM COBRANCA29012013000000000197804000000000000000000000000000000290120130000000001978040000000000000003333                900003617           09      00        
0330002300068Z70976E196FC1396F640A1DE                                         PGTFORNB29012013900003617                                                                                                                               00        
0330002300069J00023791559300014601943372093014000001505096800METALURGICA SCHADEK LTDA      29012013000000001460194000000000000000000000000000000290120130000000014601940000000000000003334                900003618           09      00        
0330002300070Z70976E196ED3DCA9AE74A71                                         PGTFORNB29012013900003618                                                                                                                               00        
03300025         000072000000000007371990000000000000000000310129                                                                                                                                                                               
03399999         000002000098000000                                                                                                                                                                                                             
