03300000         2054375370001370033006500490028050300065 0000480000414 AUTO GERAL DE ITU LTDA        SANTANDER                               21212201202203300009906000000                                                                     
03300011C2030030 2054375370001370033006500490028050300065 0000480000414 AUTO GERAL DE ITU LTDA                                                                              00000                                   00000000                    
0330001300001J00003394554500001059649482285400000091799680203JOFUND S/A                    12122012000000000105964000000000000000000000000000000121220120000000001059640000000000000001758                900002059           09      00        
0330001300002Z70976E1FDEF521DAF2BA004                                         PGTFORNB12122012900002059                                                                                                                               00        
0330001300003J00003395554500006641909482285400000091799920203JOFUND S/A                    12122012000000000664190000000000000000000000000000000121220120000000006641900000000000000001759                900002060           09      00        
0330001300004Z70976E1D5E0589BDCAB1E0D                                         PGTFORNB12122012900002060                                                                                                                               00        
0330001300005J00035699554500000513560689070323400000001328411DISTRIBUIDORA AUTOMOTIVA S.A  12122012000000000051356000000000000000000000000000000121220120000000000513560000000000000001743                900002077           09      00        
0330001300006Z70976E19A0297A53BDC9CF7                                         PGTFORNB12122012900002077                                                                                                                               00        
03300015         000008000000000000821510000000000000000000301212                                                                                                                                                                               
03300021C2031030 2054375370001370033006500490028050300065 0000480000414 AUTO GERAL DE ITU LTDA                                                                              00000                                   00000000                    
0330002300001J00034192554500000339571123941117210017749003000DOVAC INDUSTRIA E COM LTDA    12122012000000000033957000000000001697000000000000000121220120000000000322600000000000000001744                900002078           09      00        
0330002300002Z70976E1BB244238FBB35884                                         PGTFORNB12122012900002078                                                                                                                               00        
0330002300003J00023795554500001283893381090000008387401801540BRASILWAGEN COM VEICULOS SA   12122012000000000128389000000000000000000000000000000121220120000000001283890000000000000001731                900002065           09      00        
0330002300004Z70976E147D2F5BD9E2BA48F                                         PGTFORNB12122012900002065                                                                                                                               00        
0330002300005J00023794554500000290500138092305000001901370000BBL SISTEMAS OPERACIONAIS LTDA12122012000000000029050000000000000000000000000000000121220120000000000290500000000000000001745                900002079           09      00        
0330002300006Z70976E1DB3C27A446BDAEEC                                         PGTFORNB12122012900002079                                                                                                                               00        
0330002300007J00034199554500001399571125502062402938000052000EATON  LTDA                   12122012000000000139957000000000000000000000000000000121220120000000001399570000000000000001746                900002080           09      00        
0330002300008Z70976E12CC8B0060CB4AFCE                                         PGTFORNB12122012900002080                                                                                                                               00        
0330002300009J00034197554500000878241124008378482938107808000ELIVEL AUTOMOTORES LTDA       12122012000000000087824000000000000000000000000000000121220120000000000878240000000000000001747                900002081           09      00        
0330002300010Z70976E10E9F8415DEAB21DB                                         PGTFORNB12122012900002081                                                                                                                               00        
0330002300011J00039994554500000405131764059539604570524809001F CONFUORTO IND COM PCS LTDA  12122012000000000040513000000000000000000000000000000121220120000000000405130000000000000001748                900002082           09      00        
0330002300012Z70976E1A4475EB44870FB7E                                         PGTFORNB12122012900002082                                                                                                                               00        
0330002300013J00034191554500001088391090030066690046365078000VIGORITO CAMILOPOLIS          12122012000000000108839000000000000000000000000000000121220120000000001088390000000000000001749                900002083           09      00        
0330002300014Z70976E10DF2BD8C859749B9                                         PGTFORNB12122012900002083                                                                                                                               00        
0330002300015J00034193554500025237651126104743412938017569000FRAS-LE S/A                   12122012000000002523765000000000000000000000000000000121220120000000025237650000000000000001750                900002084           09      00        
0330002300016Z70976E1FB9AF6D9A1FE2103                                         PGTFORNB12122012900002084                                                                                                                               00        
0330002300017J00034194554500023744581126104743332938017569000FRAS-LE S/A                   12122012000000002374458000000000000000000000000000000121220120000000023744580000000000000001751                900002085           09      00        
0330002300018Z70976E1705F52CA49183EF8                                         PGTFORNB12122012900002085                                                                                                                               00        
0330002300019J00034191554500017095141126104743662938017569000FRAS-LE S/A                   12122012000000001709514000000000359452000000000000000121220120000000013500620000000000000001752                900002086           09      00        
0330002300020Z70976E116C980A0B478A051                                         PGTFORNB12122012900002086                                                                                                                               00        
0330002300021J00034193554500010371621126104743582938017569000FRAS-LE S/A                   12122012000000001037162000000000000000000000000000000121220120000000010371620000000000000001753                900002087           09      00        
0330002300022Z70976E1E0CEA864FEC1A9D4                                         PGTFORNB12122012900002087                                                                                                                               00        
0330002300023J00034196554500007402421126104743742938017569000FRAS-LE S/A                   12122012000000000740242000000000000000000000000000000121220120000000007402420000000000000001754                900002088           09      00        
0330002300024Z70976E16EDEDE3A7FED1376                                         PGTFORNB12122012900002088                                                                                                                               00        
0330002300025J00034192554500000146241090304141720109276204000GIRANDO COMERCIO DE PECAS LTDA12122012000000000014624000000000000000000000000000000121220120000000000146240000000000000001755                900002089           09      00        
0330002300026Z70976E1B285AF048525F389                                         PGTFORNB12122012900002089                                                                                                                               00        
0330002300027J00034191554500008258193588480748399106015986000GONEL IND E COMERCIO LTDA     12122012000000000825819000000000000000000000000000000121220120000000008258190000000000000001756                900002090           09      00        
0330002300028Z70976E1D776D895C6D97665                                         PGTFORNB12122012900002090                                                                                                                               00        
0330002300029J00034191554500000473071090008348192938050420000ITA PECAS PARA VEIC COM E SERV12122012000000000047307000000000000000000000000000000121220120000000000473070000000000000001757                900002091           09      00        
0330002300030Z70976E11523279CAE706A9D                                         PGTFORNB12122012900002091                                                                                                                               00        
0330002300031J00023793554500000089843372097672307840100536350MAGGI MOTOS LTDA              12122012000000000008984000000000000000000000000000000121220120000000000089840000000000000001760                900002092           09      00        
0330002300032Z70976E1C85DC554A9E380AD                                         PGTFORNB12122012900002092                                                                                                                               00        
0330002300033J00039995554500004364928144666211204540096965001PELLEGRINO DIST DE AUTOPECAS L12122012000000000436492000000000000000000000000000000121220120000000004364920000000000000001761                900002093           09      00        
0330002300034Z70976E1323742374DCF96E7                                         PGTFORNB12122012900002093                                                                                                                               00        
0330002300035J00039996554500000794048144666202304540096965001PELLEGRINO DIST DE AUTOPECAS L12122012000000000079404000000000000000000000000000000121220120000000000794040000000000000001762                900002094           09      00        
0330002300036Z70976E186B03FD2922E2A3F                                         PGTFORNB12122012900002094                                                                                                                               00        
0330002300037J00000192554500001124670000002096856000001885317PELLEGRINO DIST DE AUTOPECAS L12122012000000000112467000000000000000000000000000000121220120000000001124670000000000000001763                900002095           09      00        
0330002300038Z70976E17F99F60171B7838C                                         PGTFORNB12122012900002095                                                                                                                               00        
0330002300039J00039994554500000604282315300552405313093513001REAL MOTO PECAS LTDA          12122012000000000060428000000000000000000000000000000121220120000000000604280000000000000001764                900002096           09      00        
0330002300040Z70976E1ED8248511935D7CE                                         PGTFORNB12122012900002096                                                                                                                               00        
0330002300041J00039997554500000449762315300302505313093513001REAL MOTO PECAS LTDA          12122012000000000044976000000000000000000000000000000121220120000000000449760000000000000001765                900002097           09      00        
0330002300042Z70976E12C4C7EFB8D183151                                         PGTFORNB12122012900002097                                                                                                                               00        
0330002300043J00039998554500000407942053192274405313093513001REAL MOTO PECAS LTDA          12122012000000000040794000000000000000000000000000000121220120000000000407940000000000000001766                900002098           09      00        
0330002300044Z70976E1188E6DB00ACB8CA5                                         PGTFORNB12122012900002098                                                                                                                               00        
0330002300045J00023795554500000402303395090000004847000650000SORANA SUL                    12122012000000000040230000000000000000000000000000000121220120000000000402300000000000000001767                900002099           09      00        
0330002300046Z70976E17F8AEE15A4E87590                                         PGTFORNB12122012900002099                                                                                                                               00        
0330002300047J00000193554500000111700442567171933260008018911T-PARTS COML E IMP DE AUTOPECA12122012000000000011170000000000000000000000000000000121220120000000000111700000000000000001768                900002100           09      00        
0330002300048Z70976E186CD3E5C2DB77D3E                                         PGTFORNB12122012900002100                                                                                                                               00        
0330002300049J00000191554500003770160000001291892000004400217VESPOR AUTOMOTIVE DIST DE AUTO12122012000000000377016000000000000000000000000000000121220120000000003770160000000000000001769                900002101           09      00        
0330002300050Z70976E1BA1CE4A00E23317B                                         PGTFORNB12122012900002101                                                                                                                               00        
0330002300051J00023793554500000513233392022326000011501078260MF CAMBUCI DISTR DE AUTOPECAS 12122012000000000051323000000000000000000000000000000121220120000000000513230000000000000001732                900002066           09      00        
0330002300052Z70976E1021B65CEAE699FE1                                         PGTFORNB12122012900002066                                                                                                                               00        
0330002300053J00039991554500000952661763970995704061860231001CAR CENTRAL DE AUTOPECAS E ROL12122012000000000095266000000000000000000000000000000121220120000000000952660000000000000001733                900002067           09      00        
0330002300054Z70976E154E6FD12DB8DE7F6                                         PGTFORNB12122012900002067                                                                                                                               00        
0330002300055J00039994554500001213621763970998104061860231001CAR CENTRAL DE AUTOPECAS E ROL12122012000000000121362000000000000000000000000000000121220120000000001213620000000000000001734                900002068           09      00        
0330002300056Z70976E10D8808BE70EF774B                                         PGTFORNB12122012900002068                                                                                                                               00        
0330002300057J00034191554500000102001125925697040076000777000CENTER PECAS FABBRI LTDA      12122012000000000010200000000000000000000000000000000121220120000000000102000000000000000001735                900002069           09      00        
0330002300058Z70976E1B6B566C21A186310                                         PGTFORNB12122012900002069                                                                                                                               00        
0330002300059J00034196554500000056501125925696700076000777000CENTER PECAS FABBRI LTDA      12122012000000000005650000000000000000000000000000000121220120000000000056500000000000000001736                900002070           09      00        
0330002300060Z70976E1EF78828CBC32512D                                         PGTFORNB12122012900002070                                                                                                                               00        
0330002300061J00034198554500000400001125925696620076000777000CENTER PECAS FABBRI LTDA      12122012000000000040000000000000000000000000000000000121220120000000000400000000000000000001737                900002071           09      00        
0330002300062Z70976E18910F79D2743A446                                         PGTFORNB12122012900002071                                                                                                                               00        
0330002300063J00034195554500000042201126124312990076000777000CENTER PECAS FABBRI LTDA      12122012000000000004220000000000000000000000000000000121220120000000000042200000000000000001738                900002072           09      00        
0330002300064Z70976E10A74B39615C2DD17                                         PGTFORNB12122012900002072                                                                                                                               00        
0330002300065J00034191554500000047001126124313070076000777000CENTER PECAS FABBRI LTDA      12122012000000000004700000000000000000000000000000000121220120000000000047000000000000000001739                900002073           09      00        
0330002300066Z70976E12A875EF16824928C                                         PGTFORNB12122012900002073                                                                                                                               00        
0330002300067J00023791554500000525220260192306000001000075810CESTARI INDL E COMERCIAL SA   12122012000000000052522000000000000000000000000000000121220120000000000525220000000000000001740                900002074           09      00        
0330002300068Z70976E1125F451AA8DAC1FD                                         PGTFORNB12122012900002074                                                                                                                               00        
0330002300069J00023792554500001094920260192306000001800075810CESTARI INDL E COMERCIAL SA   12122012000000000109492000000000000000000000000000000121220120000000001094920000000000000001741                900002075           09      00        
0330002300070Z70976E154FA24CE0327387E                                         PGTFORNB12122012900002075                                                                                                                               00        
0330002300071J00034196554500006365751125424095482938030539000DELPHI  AUTOM SYSTEMS BR LTDA 12122012000000000636575000000000000000000000000000000121220120000000006365750000000000000001742                900002076           09      00        
0330002300072Z70976E187B4B784C56DECE3                                         PGTFORNB12122012900002076                                                                                                                               00        
0330002300073J00023799554500000176003372090000016076105040000ABRAO REZE COM DE VEICULOS LTD12122012000000000017600000000000000000000000000000000121220120000000000176000000000000000001727                900002061           09      00        
0330002300074Z70976E10028AAAE8F73B5E2                                         PGTFORNB12122012900002061                                                                                                                               00        
0330002300075J00034198554500000295421090001885520137627725000ALENAN COML DE PECAS E ACS LTD12122012000000000029542000000000000000000000000000000121220120000000000295420000000000000001728                900002062           09      00        
0330002300076Z70976E131F3E8C99347E237                                         PGTFORNB12122012900002062                                                                                                                               00        
0330002300077J00023796554500003433521316090000009350800009000APS DISTRIBUIDORA DE AUTOPECAS12122012000000000343352000000000000000000000000000000121220120000000003433520000000000000001729                900002063           09      00        
0330002300078Z70976E101E60DD1DABF3785                                         PGTFORNB12122012900002063                                                                                                                               00        
0330002300079J00023799554500000339003114091294075733801763000BANCO SAFRA S/A               12122012000000000033900000000000000000000000000000000121220120000000000339000000000000000001730                900002064           09      00        
0330002300080Z70976E157EBB52C57CC738C                                         PGTFORNB12122012900002064                                                                                                                               00        
03300025         000082000000000012247936000000000000000000311212                                                                                                                                                                               
03399999         000002000092000000                                                                                                                                                                                                             
