03300000         2054375370001370033006500490028050300065 0000480000414 AUTO GERAL DE ITU LTDA        SANTANDER                               23001201302253200019006000000                                                                     
03300011C2030030 2054375370001370033006500490028050300065 0000480000414 AUTO GERAL DE ITU LTDA                                                                              00000                                   00000000                    
0330001300001J00035693559400000905550689070323410000005569605DISTRIBUIDORA AUTOMOTIVA S/A  30012013000000000090555000000000000000000000000000000300120130000000000905550000000000000003370                900003659           09      00        
0330001300002Z70976E1D39D5E556C2EFBDA                                         PGTFORNB30012013900003659                                                                                                                               00        
0330001300003J00035696559400000239310689070323490000004899732DISTRIBUIDORA AUTOMOTIVA S/A  30012013000000000023931000000000000000000000000000000300120130000000000239310000000000000003371                900003660           09      00        
0330001300004Z70976E1376845B72C5C3F9A                                         PGTFORNB30012013900003660                                                                                                                               00        
0330001300005J00003393559500000662009513931700000103901620101DISTRIBUIDORA AUTOMOTIVA S/A  31012013000000000066200000000000000000000000000000000300120130000000000662000000000000000003384                900003644           09      00        
0330001300006Z70976E1E6C7D9425741BF7B                                         PGTFORNB30012013900003644                                                                                                                               00        
0330001300007J00003392559500005125539537802800000000007780203SPARX IND E COM DE PECAS AUTO 31012013000000000512553000000000000000000000000000000300120130000000005125530000000000000003393                900003645           09      00        
0330001300008Z70976E1DA360888C0FCF9F4                                         PGTFORNB30012013900003645                                                                                                                               00        
03300015         000010000000000000693239000000000000000000300130                                                                                                                                                                               
03300021C2031030 2054375370001370033006500490028050300065 0000480000414 AUTO GERAL DE ITU LTDA                                                                              00000                                   00000000                    
0330002300001J00023793559400000117613371090000833825200719500AVEBRAZ COMERCIO DE VEICULOS E30012013000000000011761000000000000000000000000000000300120130000000000117610000000000000003357                900003646           09      00        
0330002300002Z70976E1FE3F87E8769E4C3B                                         PGTFORNB30012013900003646                                                                                                                               00        
0330002300003J00039997559400003809681767566842611960078237001BAP AUTOMOTIVA LTDA           30012013000000000380968000000000000000000000000000000300120130000000003809680000000000000003358                900003647           09      00        
0330002300004Z70976E15620D8BA123D386D                                         PGTFORNB30012013900003647                                                                                                                               00        
0330002300005J00039999559400000892581767566841811960078237001BAP AUTOMOTIVA LTDA           30012013000000000089258000000000000000000000000000000300120130000000000892580000000000000003359                900003648           09      00        
0330002300006Z70976E1B8D3656C85192FFB                                         PGTFORNB30012013900003648                                                                                                                               00        
0330002300007J00039996559400000189831767566840011960078237001BAP AUTOMOTIVA LTDA           30012013000000000018983000000000000000000000000000000300120130000000000189830000000000000003360                900003649           09      00        
0330002300008Z70976E1EB2E309ECF364168                                         PGTFORNB30012013900003649                                                                                                                               00        
0330002300009J00042291559400000326007020000094360699537029791BECAP COM DE AUTO PECAS LTDA  30012013000000000032600000000000000000000000000000000300120130000000000326000000000000000003361                900003650           09      00        
0330002300010Z70976E1AF921EA47588D013                                         PGTFORNB30012013900003650                                                                                                                               00        
0330002300011J00034199559400001354001126364505071248021303000BANCO FIBRA SA                30012013000000000135400000000000000000000000000000000300120130000000001354000000000000000003362                900003651           09      00        
0330002300012Z70976E1E656EC5EEF98F986                                         PGTFORNB30012013900003651                                                                                                                               00        
0330002300013J00039991559400000716651767563057704061860231001CAR CENTRAL DE AUTOPECAS E ROL30012013000000000071665000000000000000000000000000000300120130000000000716650000000000000003363                900003652           09      00        
0330002300014Z70976E16BEC5565A873D200                                         PGTFORNB30012013900003652                                                                                                                               00        
0330002300015J00039991559400000540721767563054204061860231001CAR CENTRAL DE AUTOPECAS E ROL30012013000000000054072000000000000000000000000000000300120130000000000540720000000000000003364                900003653           09      00        
0330002300016Z70976E1A20884576C0AADAB                                         PGTFORNB30012013900003653                                                                                                                               00        
0330002300017J00023791559500008905916348093007000067201024500DAYCO POWER TRANSMISSION      31012013000000000890591000000000000000000000000000000300120130000000008905910000000000000003383                900003672           09      00        
0330002300018Z70976E174D404234CADE7D5                                         PGTFORNB30012013900003672                                                                                                                               00        
0330002300019J00023796559500000318640138092341000004601370000BBL SISTEMAS OPERACIONAIS LTDA31012013000000000031864000000000000000000000000000000300120130000000000318640000000000000003385                900003673           09      00        
0330002300020Z70976E198B7AEF2080FBF13                                         PGTFORNB30012013900003673                                                                                                                               00        
0330002300021J00039998559500000347821767092371104570524809001F CONFUORTO IND COM PCS LTDA  31012013000000000034782000000000000000000000000000000300120130000000000347820000000000000003386                900003674           09      00        
0330002300022Z70976E182AC38A5F1403992                                         PGTFORNB30012013900003674                                                                                                                               00        
0330002300023J00034197559500001027761126654121210046365078000FELICIO VIGORITO FILHOS LTDA  31012013000000000102776000000000000000000000000000000300120130000000001027760000000000000003387                900003675           09      00        
0330002300024Z70976E1F9437B471F2AF3D9                                         PGTFORNB30012013900003675                                                                                                                               00        
0330002300025J00034191559500000183301126654122950046365078000FELICIO VIGORITO FILHOS LTDA  31012013000000000018330000000000000000000000000000000300120130000000000183300000000000000003388                900003676           09      00        
0330002300026Z70976E1FA0FC3B79419CEDC                                         PGTFORNB30012013900003676                                                                                                                               00        
0330002300027J00034199559500000398931090304394760109276204000GIRANDO COMERCIO DE PECAS LTDA31012013000000000039893000000000000000000000000000000300120130000000000398930000000000000003389                900003677           09      00        
0330002300028Z70976E1A290A9105121F295                                         PGTFORNB30012013900003677                                                                                                                               00        
0330002300029J00034196559500001785851090304393930109276204000GIRANDO COMERCIO DE PECAS LTDA31012013000000000178585000000000000000000000000000000300120130000000001785850000000000000003390                900003678           09      00        
0330002300030Z70976E17449CA4FB912E591                                         PGTFORNB30012013900003678                                                                                                                               00        
0330002300031J00034191559500000205391090304398310109276204000GIRANDO COMERCIO DE PECAS LTDA31012013000000000020539000000000000000000000000000000300120130000000000205390000000000000003391                900003679           09      00        
0330002300032Z70976E16A3992A14C072E54                                         PGTFORNB30012013900003679                                                                                                                               00        
0330002300033J00034193559500001756911127591396711446685057000KT COMP AUTOMOTIVOS LTDA      31012013000000000175691000000000000000000000000000000300120130000000001756910000000000000003392                900003680           09      00        
0330002300034Z70976E1B93F6315B1721A9B                                         PGTFORNB30012013900003680                                                                                                                               00        
0330002300035J00039991559500000547602696550821904540096965001PELLEGRINO DISTRIBUIDORA DE AU31012013000000000054760000000000000000000000000000000300120130000000000547600000000000000003394                900003681           09      00        
0330002300036Z70976E15AC68593003868D0                                         PGTFORNB30012013900003681                                                                                                                               00        
0330002300037J00039995559400000205481767563118204061860231001CAR CENTRAL DE AUTOPECAS E ROL30012013000000000020548000000000000000000000000000000300120130000000000205480000000000000003365                900003654           09      00        
0330002300038Z70976E13B493FC9CA9B688D                                         PGTFORNB30012013900003654                                                                                                                               00        
0330002300039J00023794559400002263680152091330090334801828310CESAR DE NADAI ME             30012013000000000226368000000000000000000000000000000300120130000000002263680000000000000003366                900003655           09      00        
0330002300040Z70976E14F75AD4B97F61AB4                                         PGTFORNB30012013900003655                                                                                                                               00        
0330002300041J00023798559400007540663396092325000000300008270CINPAL CIA IND DE PECAS P/ AUT30012013000000000754066000000000000000000000000000000300120130000000007540660000000000000003367                900003656           09      00        
0330002300042Z70976E1D681B1065A6AE389                                         PGTFORNB30012013900003656                                                                                                                               00        
0330002300043J00023796559400000851403396092325000000700008270CINPAL CIA IND DE PECAS P/ AUT30012013000000000085140000000000000000000000000000000300120130000000000851400000000000000003368                900003657           09      00        
0330002300044Z70976E136FEBC0EFC56C1C8                                         PGTFORNB30012013900003657                                                                                                                               00        
0330002300045J00023796559400000692716348093007000063201024500DAYCO POWER TRANSMISSION      30012013000000000069271000000000000000000000000000000300120130000000000692710000000000000003369                900003658           09      00        
0330002300046Z70976E14264D414B96BF3EA                                         PGTFORNB30012013900003658                                                                                                                               00        
0330002300047J00034197559400000050431127179755052938000052000EATON LTDA                    30012013000000000005043000000000000000000000000000000300120130000000000050430000000000000003372                900003661           09      00        
0330002300048Z70976E16462A800992AFBF6                                         PGTFORNB30012013900003661                                                                                                                               00        
0330002300049J00034191559400000808821090000883681145581417000EVORA RETENTORES LTDA         30012013000000000080882000000000000000000000000000000300120130000000000808820000000000000003373                900003662           09      00        
0330002300050Z70976E1E5F63E3098DC3441                                         PGTFORNB30012013900003662                                                                                                                               00        
0330002300051J00034191559400000355481090304387180109276204000GIRANDO COMERCIO DE PECAS LTDA30012013000000000035548000000000000000000000000000000300120130000000000355480000000000000003374                900003663           09      00        
0330002300052Z70976E1ED2A8AEE3B37C101                                         PGTFORNB30012013900003663                                                                                                                               00        
0330002300053J00034191559400003130861127613144112395022557000KOGA KOGA CIA LTDA            30012013000000000313086000000000000000000000000000000300120130000000003130860000000000000003375                900003664           09      00        
0330002300054Z70976E141F1EEA7F2E919E9                                         PGTFORNB30012013900003664                                                                                                                               00        
0330002300055J00039991559400000249168144668444204540096965001PELLEGRINO DISTRIBUIDORA DE AU30012013000000000024916000000000000000000000000000000300120130000000000249160000000000000003376                900003665           09      00        
0330002300056Z70976E17CCD7072A3248BB1                                         PGTFORNB30012013900003665                                                                                                                               00        
0330002300057J00039994559400000584942315385607905313093513001REAL MOTO PECAS LTDA          30012013000000000058494000000000000000000000000000000300120130000000000584940000000000000003377                900003666           09      00        
0330002300058Z70976E1E135E0C6A2EA00D3                                         PGTFORNB30012013900003666                                                                                                                               00        
0330002300059J00000192559400000606890000002175416000003173317SK AUTOMOTIVE S/A DISTR AUTOPE30012013000000000060689000000000000000000000000000000300120130000000000606890000000000000003378                900003667           09      00        
0330002300060Z70976E10E4BE0E37667F51D                                         PGTFORNB30012013900003667                                                                                                                               00        
0330002300061J00034191559400009089991090000201625199147918000UNIBOMBAS IND COM DE AUTOPECAS30012013000000000908999000000000000000000000000000000300120130000000009089990000000000000003379                900003668           09      00        
0330002300062Z70976E10A2EF48549017C90                                         PGTFORNB30012013900003668                                                                                                                               00        
0330002300063J00023791559500000627000154092335000002103360050ALPHA SENSORES AUTOMOTIVOS LTD31012013000000000062700000000000000000000000000000000300120130000000000627000000000000000003380                900003669           09      00        
0330002300064Z70976E1532CCE77F3FE8FC0                                         PGTFORNB30012013900003669                                                                                                                               00        
0330002300065J00039991559500000460371767635348804061860231001CAR CENTRAL DE AUTOPECAS E ROL31012013000000000046037000000000000000000000000000000300120130000000000460370000000000000003381                900003670           09      00        
0330002300066Z70976E1B2D825C654F5A1DB                                         PGTFORNB30012013900003670                                                                                                                               00        
0330002300067J00034191559500000387831571392319434522114471000COML NV MILLENNIUN A P LTDA EP31012013000000000038783000000000001939000000000000000300120130000000000368440000000000000003382                900003671           09      00        
0330002300068Z70976E1B8BF55D3C7FFE01F                                         PGTFORNB30012013900003671                                                                                                                               00        
0330002300069J00039991559500000987688144668488404540096965001PELLEGRINO DISTRIBUIDORA DE AU31012013000000000098768000000000000000000000000000000300120130000000000987680000000000000003395                900003682           09      00        
0330002300070Z70976E1DC1E6AA166B180AC                                         PGTFORNB30012013900003682                                                                                                                               00        
0330002300071J00039991559500000973112696550924004540096965001PELLEGRINO DISTRIBUIDORA DE AU31012013000000000097311000000000000000000000000000000300120130000000000973110000000000000003396                900003683           09      00        
0330002300072Z70976E1C0CD1348FCA7B239                                         PGTFORNB30012013900003683                                                                                                                               00        
0330002300073J00039996559500000298936696534766704540096965001PELLEGRINO DISTRIBUIDORA DE AU31012013000000000029893000000000000000000000000000000300120130000000000298930000000000000003397                900003684           09      00        
0330002300074Z70976E1BF841637DB9122A3                                         PGTFORNB30012013900003684                                                                                                                               00        
0330002300075J00034198559500000885331127625281260125810226000REI AUTO PARTS IND COM S/A    31012013000000000088533000000000000000000000000000000300120130000000000885330000000000000003398                900003685           09      00        
0330002300076Z70976E1C29DBB1BFCFEF8A1                                         PGTFORNB30012013900003685                                                                                                                               00        
0330002300077J00023791559500000444523395061180232877400028140ROCHESTER DISTRIBUIDORA DE AUT31012013000000000044452000000000000000000000000000000300120130000000000444520000000000000003399                900003686           09      00        
0330002300078Z70976E1067856D22C2F043D                                         PGTFORNB30012013900003686                                                                                                                               00        
0330002300079J00034199559500002042461090000252580525580825000W ZANONI CIA LTDA             31012013000000000204246000000000000000000000000000000300120130000000002042460000000000000003400                900003687           09      00        
0330002300080Z70976E1CB1E818D32AF10B5                                         PGTFORNB30012013900003687                                                                                                                               00        
0330002300081J00023793559400003251723392091300592785000106490SERASA S.A                    30012013000000000325172000000000000000000000000000000300120130000000003251720000000000000003401                900003688           09      00        
0330002300082Z70976E1B802438E32183A19                                         PGTFORNB30012013900003688                                                                                                                               00        
03300025         000084000000000006019524000000000000000000310130                                                                                                                                                                               
03300031C2003031 2054375370001370033006500490028050300065 0000480000414 AUTO GERAL DE ITU LTDA                                                                              00000                                   00000000                    
0330003300001A0007000010154660000002050374 GERAL PARTS COM PECAS E ABRASI3402                30012013BRL000000000000000000000000049019900003639           30012013000000000049019                                        07          000        
0330003300002B   252472438000176                              00000                                                  00000000  300120130000000000490190000000000000000000000000000000000000000000000000000000000000000                00        
0330003300003Z70976E18B89445C1D1900E2                                         PGTFORNB30012013900003639                                                                                                                               00        
0330003300004A0007000010292380000000041920 SATTURNO SOROCABA TELEFONIA LT3403                30012013BRL000000000000000000000000100291900003640           30012013000000000100291                                        07          000        
0330003300005B   200106697000180                              00000                                                  00000000  300120130000000001002910000000000000000000000000000000000000000000000000000000000000000                00        
0330003300006Z70976E15C70F6B2B8BD3C9B                                         PGTFORNB30012013900003640                                                                                                                               00        
0330003300007A0007000010292380000000041920 SATTURNO SOROCABA TELEFONIA LT3404                30012013BRL000000000000000000000000058656900003641           30012013000000000058656                                        07          000        
0330003300008B   200106697000180                              00000                                                  00000000  300120130000000000586560000000000000000000000000000000000000000000000000000000000000000                00        
0330003300009Z70976E11789A2034F5A37FF                                         PGTFORNB30012013900003641                                                                                                                               00        
0330003300010A0007000010292380000000041920 SATTURNO SOROCABA TELEFONIA LT3405                30012013BRL000000000000000000000000079053900003642           30012013000000000079053                                        07          000        
0330003300011B   200106697000180                              00000                                                  00000000  300120130000000000790530000000000000000000000000000000000000000000000000000000000000000                00        
0330003300012Z70976E1474E3B44E1CAB949                                         PGTFORNB30012013900003642                                                                                                                               00        
03300035         000014000000000000287019000000000000000000030130                                                                                                                                                                               
03399999         000003000110000000                                                                                                                                                                                                             
