03300000         2054375370001370033006500490028050300065 0000480000414 AUTO GERAL DE ITU LTDA        SANTANDER                               20304201302192100030706000000                                                                     
03300011C2030030 2054375370001370033006500490028050300065 0000480000414 AUTO GERAL DE ITU LTDA                                                                              00000                                   00000000                    
0330001300001J00035691565700000623620689070323470000005757345DISTRIBUIDORA AUTOMOTIVA S.A. 03042013000000000062362000000000000000000000000000000030420130000000000623620000000000000005507                900005794           09      00        
0330001300002Z70976E11DF0ACA01AFF106F                                         PGTFORNB03042013900005794                                                                                                                               00        
0330001300003J00003399565700000475009421259200000000501800101GUMP MOTORS COMPONENTES AUTOMO03042013000000000047500000000000000000000000000000000030420130000000000475000000000000000005513                900005782           09      00        
0330001300004Z70976E1E015047F0CD9C904                                         PGTFORNB03042013900005782                                                                                                                               00        
0330001300005J00003391565700000289909492147000000000600890104J FREITAS COM IMP E EXP LTDA  03042013000000000028990000000000000000000000000000000030420130000000000289900000000000000005516                900005783           09      00        
0330001300006Z70976E14007E4517771CA8E                                         PGTFORNB03042013900005783                                                                                                                               00        
03300015         000008000000000000138852000000000000000000300403                                                                                                                                                                               
03300021C2031030 2054375370001370033006500490028050300065 0000480000414 AUTO GERAL DE ITU LTDA                                                                              00000                                   00000000                    
0330002300001J000237955657000011841805310930810000017006251902AR INDUSTRIA E COMERCIO LTDA 03042013000000000118418000000000000000000000000000000030420130000000001184180000000000000005497                900005784           09      00        
0330002300002Z70976E172EBABB7C9F22455                                         PGTFORNB03042013900005784                                                                                                                               00        
0330002300003J00023791565700001230652622093064000005300970050ABSOLUTA DISTR DE AUTOMOVEIS L03042013000000000123065000000000000000000000000000000030420130000000001230650000000000000005498                900005785           09      00        
0330002300004Z70976E1F4DDA2D41CDD2521                                         PGTFORNB03042013900005785                                                                                                                               00        
0330002300005J00000198565700000778821823850739729130010401917CAMPINAS DIESEL LTDA          03042013000000000077882000000000000000000000000000000030420130000000000778820000000000000005499                900005786           09      00        
0330002300006Z70976E1BE60E0235F5207B3                                         PGTFORNB03042013900005786                                                                                                                               00        
0330002300007J00034196565700000091101129128286650076000777000CENTER PECAS FABBRI LTDA      03042013000000000009110000000000000000000000000000000030420130000000000091100000000000000005500                900005787           09      00        
0330002300008Z70976E1E2E85ED661170BA9                                         PGTFORNB03042013900005787                                                                                                                               00        
0330002300009J00034191565700000038001129128286810076000777000CENTER PECAS FABBRI LTDA      03042013000000000003800000000000000000000000000000000030420130000000000038000000000000000005501                900005788           09      00        
0330002300010Z70976E1C6A0A8012FC55C27                                         PGTFORNB03042013900005788                                                                                                                               00        
0330002300011J00034191565700000221001129128286570076000777000CENTER PECAS FABBRI LTDA      03042013000000000022100000000000000000000000000000000030420130000000000221000000000000000005502                900005789           09      00        
0330002300012Z70976E1210B2C6AD53F36A5                                         PGTFORNB03042013900005789                                                                                                                               00        
0330002300013J00034194565700000223501129291956600076000777000CENTER PECAS FABBRI LTDA      03042013000000000022350000000000000000000000000000000030420130000000000223500000000000000005503                900005790           09      00        
0330002300014Z70976E1B17772C6AD9A4056                                         PGTFORNB03042013900005790                                                                                                                               00        
0330002300015J00000197565700000264480445461076933600000221711CHG AUTOMOTIVA LTDA           03042013000000000026448000000000000000000000000000000030420130000000000264480000000000000005504                900005791           09      00        
0330002300016Z70976E1943150B0B8187A6C                                         PGTFORNB03042013900005791                                                                                                                               00        
0330002300017J00023798565700000388842002061301420270100829680COMERCIAL AUTOMOTIVA S.A.     03042013000000000038884000000000000000000000000000000030420130000000000388840000000000000005505                900005792           09      00        
0330002300018Z70976E133E9C85E113ECE50                                         PGTFORNB03042013900005792                                                                                                                               00        
0330002300019J00000191565700004275784584340000000000100057221DB DISTRIBUIDORA DE BATERIAS L03042013000000000427578000000000000000000000000000000030420130000000004275780000000000000005506                900005793           09      00        
0330002300020Z70976E1EED5F0C4271D2D2E                                         PGTFORNB03042013900005793                                                                                                                               00        
0330002300021J00034192565700000210611128313984932938000052000EATON LTDA                    03042013000000000021061000000000000000000000000000000030420130000000000210610000000000000005508                900005795           09      00        
0330002300022Z70976E1EFEE1E6E77CF3488                                         PGTFORNB03042013900005795                                                                                                                               00        
0330002300023J00039991565700001754763106200095609200216507001ELIANE RODRIGUES ALVES FERNAND03042013000000000175476000000000000000000000000000000030420130000000001754760000000000000005509                900005796           09      00        
0330002300024Z70976E1FAF6C31C6C1C5774                                         PGTFORNB03042013900005796                                                                                                                               00        
0330002300025J00039998565700002390403106200096409200216507001ELIANE RODRIGUES ALVES FERNAND03042013000000000239040000000000000000000000000000000030420130000000002390400000000000000005510                900005797           09      00        
0330002300026Z70976E1EF6DD7723094DAF8                                         PGTFORNB03042013900005797                                                                                                                               00        
0330002300027J00039996565700000382981770411805804570524809001F CONFUORTO IND COM PCS LTDA  03042013000000000038298000000000000000000000000000000030420130000000000382980000000000000005511                900005798           09      00        
0330002300028Z70976E10B601C08A0421758                                         PGTFORNB03042013900005798                                                                                                                               00        
0330002300029J00034195565700000335271090304727090109276204000GIRANDO COMERCIO DE PECAS LTDA03042013000000000033527000000000000000000000000000000030420130000000000335270000000000000005512                900005799           09      00        
0330002300030Z70976E1C654862752125038                                         PGTFORNB03042013900005799                                                                                                                               00        
0330002300031J00023791565700000679720328093065000001900930800ITUMEX DISTRIBUICAO DE MOVEIS 03042013000000000067972000000000000000000000000000000030420130000000000679720000000000000005514                900005800           09      00        
0330002300032Z70976E107E0846E98606FF8                                         PGTFORNB03042013900005800                                                                                                                               00        
0330002300033J00023799565700002033270328093065000000500930800ITUMEX DISTRIBUICAO DE MOVEIS 03042013000000000203327000000000000000000000000000000030420130000000002033270000000000000005515                900005801           09      00        
0330002300034Z70976E1AAAFC85B66C2E829                                         PGTFORNB03042013900005801                                                                                                                               00        
0330002300035J00023793565700002328102719091330790186800054390MECKAN INDUSTRIAL             03042013000000000232810000000000000000000000000000000030420130000000002328100000000000000005517                900005802           09      00        
0330002300036Z70976E1C8F47B22D549D53E                                         PGTFORNB03042013900005802                                                                                                                               00        
0330002300037J00023797565700000275573484093036000094001129000PETRONAS LUBRIFICANTES BRASIL 03042013000000000027557000000000000000000000000000000030420130000000000275570000000000000005518                900005803           09      00        
0330002300038Z70976E1A7797D92B949AED0                                         PGTFORNB03042013900005803                                                                                                                               00        
0330002300039J00000196565700000316040445126321733440000206131POLI FILTRO IND E COMERCIO LTD03042013000000000031604000000000000000000000000000000030420130000000000316040000000000000005519                900005804           09      00        
0330002300040Z70976E1F4E3D79098D21F3A                                         PGTFORNB03042013900005804                                                                                                                               00        
0330002300041J00039991565700000304093133562840605313093513001REAL MOTO PECAS LTDA          03042013000000000030409000000000000000000000000000000030420130000000000304090000000000000005520                900005805           09      00        
0330002300042Z70976E11E68EBBA31FEBB35                                         PGTFORNB03042013900005805                                                                                                                               00        
03300025         000044000000000001970716000000000000000000310403                                                                                                                                                                               
03300031C2003031 2054375370001370033006500490028050300065 0000480000414 AUTO GERAL DE ITU LTDA                                                                              00000                                   00000000                    
0330003300001A0007000010181550000000197165 TOP MIX ACESSORIOS AUTOMOTIVOS5521                03042013BRL000000000000000000000000108781900005780           03042013000000000108781                                        07          000        
0330003300002B   208748271000131                              00000                                                  00000000  030420130000000001087810000000000000000000000000000000000000000000000000000000000000000                00        
0330003300003Z70976E17E51A6EDEF192A00                                         PGTFORNB03042013900005780                                                                                                                               00        
0330003300004A0007000010154660000002050374 GERAL PARTS COM PECAS E ABRASI5522                03042013BRL000000000000000000000000094139900005781           03042013000000000094139                                        07          000        
0330003300005B   252472438000176                              00000                                                  00000000  030420130000000000941390000000000000000000000000000000000000000000000000000000000000000                00        
0330003300006Z70976E158D8FAD86F318BB0                                         PGTFORNB03042013900005781                                                                                                                               00        
03300035         000008000000000000202920000000000000000000030403                                                                                                                                                                               
03399999         000003000062000000                                                                                                                                                                                                             
