03300000         2054375370001370033006500490028050300065 0000480000414 AUTO GERAL DE ITU LTDA        SANTANDER                               22102201302163100023206000000                                                                     
03300011C2030030 2054375370001370033006500490028050300065 0000480000414 AUTO GERAL DE ITU LTDA                                                                              00000                                   00000000                    
0330001300001J00003391561600008273259482285400000091861900203JOFUND S/A                    21022013000000000827325000000000000000000000000000000210220130000000008273250000000000000004180                900004448           09      00        
0330001300002Z70976E17067363CB714BF57                                         PGTFORNB21022013900004448                                                                                                                               00        
0330001300003J00003394561600005351509499820000000000398610104KS PRODUTOS AUTOMOTIVOS LTDA  21022013000000000535150000000000000000000000000000000210220130000000005351500000000000000004181                900004449           09      00        
0330001300004Z70976E162A6C49E7009F604                                         PGTFORNB21022013900004449                                                                                                                               00        
0330001300005J00003391561600004639019499820000000000398880104KS PRODUTOS AUTOMOTIVOS LTDA  21022013000000000463901000000000000000000000000000000210220130000000004639010000000000000004182                900004450           09      00        
0330001300006Z70976E1ED964EE4882A08B8                                         PGTFORNB21022013900004450                                                                                                                               00        
0330001300007J00003395561600005977219499820000000000398700104KS PRODUTOS AUTOMOTIVOS LTDA  21022013000000000597721000000000000000000000000000000210220130000000005977210000000000000004183                900004451           09      00        
0330001300008Z70976E1239312AF3A747E26                                         PGTFORNB21022013900004451                                                                                                                               00        
0330001300009J00003396561600008370779489019100000092275550104KSPG AUTOMOTIVE BRASIL LTDA   21022013000000000837077000000000000000000000000000000210220130000000008370770000000000000004184                900004452           09      00        
0330001300010Z70976E10ADCF3BEA0AFF28C                                         PGTFORNB21022013900004452                                                                                                                               00        
0330001300011J00003393561600007113089489019100000092275470104KSPG AUTOMOTIVE BRASIL LTDA   21022013000000000711308000000000000000000000000000000210220130000000007113080000000000000004185                900004453           09      00        
0330001300012Z70976E1A6D603BC788191C7                                         PGTFORNB21022013900004453                                                                                                                               00        
0330001300013J00003396561600008169539489019100000092275630104KSPG AUTOMOTIVE BRASIL LTDA   21022013000000000816953000000000000000000000000000000210220130000000008169530000000000000004186                900004454           09      00        
0330001300014Z70976E1D8AD46131AA1E16A                                         PGTFORNB21022013900004454                                                                                                                               00        
0330001300015J00035692561600000181490689070323440000003262770DISTRIBUIDORA AUTOMOTIVA S/A  21022013000000000018149000000000000000000000000000000210220130000000000181490000000000000004176                900004467           09      00        
0330001300016Z70976E153091CEA813FBCC4                                         PGTFORNB21022013900004467                                                                                                                               00        
0330001300017J00035694561600000160210689070323450000003262894DISTRIBUIDORA AUTOMOTIVA S/A  21022013000000000016021000000000000000000000000000000210220130000000000160210000000000000004177                900004468           09      00        
0330001300018Z70976E1A2807E4EC4334ED1                                         PGTFORNB21022013900004468                                                                                                                               00        
03300015         000020000000000004823605000000000000000000300221                                                                                                                                                                               
03300021C2031030 2054375370001370033006500490028050300065 0000480000414 AUTO GERAL DE ITU LTDA                                                                              00000                                   00000000                    
0330002300001J00034197561600000483341090008617212938050420000ITA PECAS PARA VEIC COM E SERV21022013000000000048334000000000000000000000000000000210220130000000000483340000000000000004178                900004469           09      00        
0330002300002Z70976E1A72177861D266BB5                                         PGTFORNB21022013900004469                                                                                                                               00        
0330002300003J00023792561600001035002199090000011871300203330JBI COMERCIAL DE PLASTICOS REF21022013000000000103500000000000000000000000000000000210220130000000001035000000000000000004179                900004470           09      00        
0330002300004Z70976E1033EC827342AC28C                                         PGTFORNB21022013900004470                                                                                                                               00        
0330002300005J00023795561600000416453394090000015704100324600MORELATE DISTRIBUIDORA DE AUTO21022013000000000041645000000000000000000000000000000210220130000000000416450000000000000004187                900004471           09      00        
0330002300006Z70976E10DFD195BF1B55E31                                         PGTFORNB21022013900004471                                                                                                                               00        
0330002300007J00039997561600000474883133534919105313093513001REAL MOTO PECAS LTDA          21022013000000000047488000000000000000000000000000000210220130000000000474880000000000000004188                900004472           09      00        
0330002300008Z70976E1FE84C76FCA2AD787                                         PGTFORNB21022013900004472                                                                                                                               00        
0330002300009J00000194561600000068000444257972319140000644711SHARK TRATORES E PECAS LTDA   21022013000000000006800000000000000000000000000000000210220130000000000068000000000000000004189                900004473           09      00        
0330002300010Z70976E18C44687A9D2A5595                                         PGTFORNB21022013900004473                                                                                                                               00        
0330002300011J00000196561600000028380444257972419140000644711SHARK TRATORES E PECAS LTDA   21022013000000000002838000000000000000000000000000000210220130000000000028380000000000000004190                900004474           09      00        
0330002300012Z70976E1763F58FCB372D42D                                         PGTFORNB21022013900004474                                                                                                                               00        
0330002300013J00034191561600000622661128224003990480001510000SUSIN FRANCESCUTTI METAL LTDA 21022013000000000062266000000000000000000000000000000210220130000000000622660000000000000004191                900004475           09      00        
0330002300014Z70976E15366FA22BA8FF31C                                         PGTFORNB21022013900004475                                                                                                                               00        
0330002300015J00034199561600000895221128021435717646210281000TWINGLASS VIDROS LTDA         21022013000000000089522000000000000000000000000000000210220130000000000895220000000000000004192                900004476           09      00        
0330002300016Z70976E14BC4A526FD04A806                                         PGTFORNB21022013900004476                                                                                                                               00        
0330002300017J00039997561600000083961767960519404540079149001BANCO SOFISA SA               21022013000000000008396000000000000000000000000000000210220130000000000083960000000000000004193                900004477           09      00        
0330002300018Z70976E1733F644298BA0A28                                         PGTFORNB21022013900004477                                                                                                                               00        
0330002300019J00039994561600000481661767960520804540079149001BANCO SOFISA SA               21022013000000000048166000000000000000000000000000000210220130000000000481660000000000000004194                900004478           09      00        
0330002300020Z70976E14E49F060EEB647C8                                         PGTFORNB21022013900004478                                                                                                                               00        
0330002300021J00023798561600005563600448051009845174901533990BRADESCO SAUDE S/A            21022013000000000556360000000000000000000000000000000210220130000000005563600000000000000004195                900004479           09      00        
0330002300022Z70976E17D2C25EDDDB7DA24                                         PGTFORNB21022013900004479                                                                                                                               00        
0330002300023J00023797561600001780232372196600104252100360080TELEFONICA BRASIL S/A         21022013000000000178023000000000000000000000000000000210220130000000001780230000000000000004196                900004480           09      00        
0330002300024Z70976E1F5AA861D97C2A539                                         PGTFORNB21022013900004480                                                                                                                               00        
0330002300025J00034192561600000890511561759598148329223245000ALUPAR INDUSTRIA C A M L EPP  21022013000000000089051000000000000000000000000000000210220130000000000890510000000000000004164                900004455           09      00        
0330002300026Z70976E1DF4505C9C3DB45E4                                         PGTFORNB21022013900004455                                                                                                                               00        
0330002300027J00023791561600000113933371090000833917500719500AVEBRAZ COMERCIO DE VEICULOS E21022013000000000011393000000000000000000000000000000210220130000000000113930000000000000004165                900004456           09      00        
0330002300028Z70976E10104F3D51AE76080                                         PGTFORNB21022013900004456                                                                                                                               00        
0330002300029J00034198561600000867501126229895751248021303000BANCO FIBRA SA                21022013000000000086750000000000000000000000000000000210220130000000000867500000000000000004166                900004457           09      00        
0330002300030Z70976E1F578F67625016948                                         PGTFORNB21022013900004457                                                                                                                               00        
0330002300031J00023791561600001524253114091294475500301763000BANCO SAFRA S/A               21022013000000000152425000000000000000000000000000000210220130000000001524250000000000000004167                900004458           09      00        
0330002300032Z70976E1AD37CB8584E7AA12                                         PGTFORNB21022013900004458                                                                                                                               00        
0330002300033J00034197561600000292711127815443778514325201000BODIPASA BOMBAS DIESEL PAULIST21022013000000000029271000000000000000000000000000000210220130000000000292710000000000000004168                900004459           09      00        
0330002300034Z70976E1C902E689E4AE205D                                         PGTFORNB21022013900004459                                                                                                                               00        
0330002300035J00034199561600000102001127871283990076000777000CENTER PECAS FABBRI LTDA      21022013000000000010200000000000000000000000000000000210220130000000000102000000000000000004169                900004460           09      00        
0330002300036Z70976E1B4EEE39BA473F034                                         PGTFORNB21022013900004460                                                                                                                               00        
0330002300037J00034191561600000091001127871284070076000777000CENTER PECAS FABBRI LTDA      21022013000000000009100000000000000000000000000000000210220130000000000091000000000000000004170                900004461           09      00        
0330002300038Z70976E1397B89139037A73A                                         PGTFORNB21022013900004461                                                                                                                               00        
0330002300039J00034191561600000077501127871284640076000777000CENTER PECAS FABBRI LTDA      21022013000000000007750000000000000000000000000000000210220130000000000077500000000000000004171                900004462           09      00        
0330002300040Z70976E1E5517CA0AF92E490                                         PGTFORNB21022013900004462                                                                                                                               00        
0330002300041J00034191561600000845001127849287591446662742000COML FIX IMPL RODOVIARIOS LTDA21022013000000000084500000000000000000000000000000000210220130000000000845000000000000000004172                900004463           09      00        
0330002300042Z70976E17337079731471529                                         PGTFORNB21022013900004463                                                                                                                               00        
0330002300043J00034197561600000400271127413573242938036635000DAYCO POWER TRANSMISSION      21022013000000000040027000000000000000000000000000000210220130000000000400270000000000000004173                900004464           09      00        
0330002300044Z70976E17FDC15F9E00E20DE                                         PGTFORNB21022013900004464                                                                                                                               00        
0330002300045J00034194561600000219041127413573322938036635000DAYCO POWER TRANSMISSION      21022013000000000021904000000000000000000000000000000210220130000000000219040000000000000004174                900004465           09      00        
0330002300046Z70976E1D23D7144479575DE                                         PGTFORNB21022013900004465                                                                                                                               00        
0330002300047J00034199561600001126191128237755830078267192000DISTRIBUIDORA DE PECAS PARA AU21022013000000000112619000000000000000000000000000000210220130000000001126190000000000000004175                900004466           09      00        
0330002300048Z70976E13DBD1A036AACA241                                         PGTFORNB21022013900004466                                                                                                                               00        
03300025         000050000000000001848328000000000000000000310221                                                                                                                                                                               
03300031C2003031 2054375370001370033006500490028050300065 0000480000414 AUTO GERAL DE ITU LTDA                                                                              00000                                   00000000                    
0330003300001A0007002370161400000000575402 AUTO POSTO CENTURY CAR LTDA   4197                21022013BRL000000000000000000000000080220900004446           21022013000000000080220                                        07          000        
0330003300002B   210417359000112                              00000                                                  00000000  210220130000000000802200000000000000000000000000000000000000000000000000000000000000000                00        
0330003300003Z70976E1F4FDBE1B1999A829                                         PGTFORNB21022013900004446                                                                                                                               00        
03300035         000005000000000000080220000000000000000000030221                                                                                                                                                                               
03399999         000003000077000000                                                                                                                                                                                                             
