03300000         2054375370001370033006500490028050300065 0000480000414 AUTO GERAL DE ITU LTDA        SANTANDER                               21412201202245700010206000000                                                                     
03300011C2030030 2054375370001370033006500490028050300065 0000480000414 AUTO GERAL DE ITU LTDA                                                                              00000                                   00000000                    
0330001300001J00003398554700002430349482966200000022426800104CAR CENTRAL DE AUTOPECAS E ROL14122012000000000243034000000000000000000000000000000141220120000000002430340000000000000001809                900002016           09      00        
0330001300002Z70976E19879F1D8AE0F0AD7                                         PGTFORNB14122012900002016                                                                                                                               00        
0330001300003J00003398554700001147219537802800000000006470203SPARX IND E COM DE PECAS AUTO 14122012000000000114721000000000000000000000000000000141220120000000001147210000000000000001832                900002017           09      00        
0330001300004Z70976E1A73E7FBBEAA6C278                                         PGTFORNB14122012900002017                                                                                                                               00        
03300015         000006000000000000357755000000000000000000301214                                                                                                                                                                               
03300021C2031030 2054375370001370033006500490028050300065 0000480000414 AUTO GERAL DE ITU LTDA                                                                              00000                                   00000000                    
0330002300001J00023796554700013342351226091123353211300000070APLIC COM IND DE AUTO PECAS LT14122012000000001334235000000000000000000000000000000141220120000000013342350000000000000001806                900002018           09      00        
0330002300002Z70976E1A77BB83D34EF174B                                         PGTFORNB14122012900002018                                                                                                                               00        
0330002300003J00023798554700001646691316090000009374300009000APS DISTRIBUIDORA DE AUTOPECAS14122012000000000164669000000000000000000000000000000141220120000000001646690000000000000001808                900002020           09      00        
0330002300004Z70976E1D7897C5224EDB1C0                                         PGTFORNB14122012900002020                                                                                                                               00        
0330002300005J00023799554700000326630118090118001369401551790CAR CENTRAL DE AUTOPECAS E ROL14122012000000000032663000000000000000000000000000000141220120000000000326630000000000000001810                900002021           09      00        
0330002300006Z70976E13234959BED49ED60                                         PGTFORNB14122012900002021                                                                                                                               00        
0330002300007J00034196554700000105001125925697460076000777000CENTER PECAS FABBRI LTDA      14122012000000000010500000000000000000000000000000000141220120000000000105000000000000000001811                900002022           09      00        
0330002300008Z70976E15991904FF90DC0B9                                         PGTFORNB14122012900002022                                                                                                                               00        
0330002300009J00034193554700000024001125925697120076000777000CENTER PECAS FABBRI LTDA      14122012000000000002400000000000000000000000000000000141220120000000000024000000000000000001812                900002023           09      00        
0330002300010Z70976E14DF4379B3DFCD1D9                                         PGTFORNB14122012900002023                                                                                                                               00        
0330002300011J00034192554700000021001125925697200076000777000CENTER PECAS FABBRI LTDA      14122012000000000002100000000000000000000000000000000141220120000000000021000000000000000001813                900002024           09      00        
0330002300012Z70976E1171389E54EDA0205                                         PGTFORNB14122012900002024                                                                                                                               00        
0330002300013J00034198554700000249961126203467860360545834000COBRA ROLAMENTOS E AUTO PECAS 14122012000000000024996000000000000000000000000000000141220120000000000249960000000000000001814                900002025           09      00        
0330002300014Z70976E1FF487FB62C46AFC7                                         PGTFORNB14122012900002025                                                                                                                               00        
0330002300015J00023793554700000156643394090000012763500324600MORELATE DISTRIBUIDORA DE AUTO14122012000000000015664000000000000000000000000000000141220120000000000156640000000000000001834                900002044           09      00        
0330002300016Z70976E1CF446CB96162989C                                         PGTFORNB14122012900002044                                                                                                                               00        
0330002300017J00034199554700000108191126414558220017328824000MTE THOMSON IND COM LTDA      14122012000000000010819000000000000000000000000000000141220120000000000108190000000000000001835                900002045           09      00        
0330002300018Z70976E1A0E4FDBB14444E12                                         PGTFORNB14122012900002045                                                                                                                               00        
0330002300019J00039993554700002619462315304408205313093513001REAL MOTO PECAS LTDA          14122012000000000261946000000000000000000000000000000141220120000000002619460000000000000001836                900002046           09      00        
0330002300020Z70976E1B89DF7BA5B9962E9                                         PGTFORNB14122012900002046                                                                                                                               00        
0330002300021J00039998554700000633482315305042205313093513001REAL MOTO PECAS LTDA          14122012000000000063348000000000000000000000000000000141220120000000000633480000000000000001837                900002047           09      00        
0330002300022Z70976E1A3229D346F490372                                         PGTFORNB14122012900002047                                                                                                                               00        
0330002300023J00034195554700002210501126203465390360545834000COBRA ROLAMENTOS E AUTO PECAS 14122012000000000221050000000000000000000000000000000141220120000000002210500000000000000001815                900002026           09      00        
0330002300024Z70976E1896F66315AAAFC18                                         PGTFORNB14122012900002026                                                                                                                               00        
0330002300025J00034193555700000151501126247885870360545834000COBRA ROLAMENTOS E AUTO PECAS 24122012000000000015150000000000000000000000000000000141220120000000000151500000000000000001816                900002027           09      00        
0330002300026Z70976E1B6086C9362DB2347                                         PGTFORNB14122012900002027                                                                                                                               00        
0330002300027J00034192554700000545861126203469920360545834000COBRA ROLAMENTOS E AUTO PECAS 14122012000000000054586000000000000000000000000000000141220120000000000545860000000000000001817                900002028           09      00        
0330002300028Z70976E1AD0B0F1ED2C35F60                                         PGTFORNB14122012900002028                                                                                                                               00        
0330002300029J00034196554700000611731126203467940360545834000COBRA ROLAMENTOS E AUTO PECAS 14122012000000000061173000000000000000000000000000000141220120000000000611730000000000000001818                900002029           09      00        
0330002300030Z70976E1A790283A554A05EB                                         PGTFORNB14122012900002029                                                                                                                               00        
0330002300031J00023793554700000759403262090000029333700935470COMDIP COMERCIAL DISTR DE PECA14122012000000000075940000000000000000000000000000000141220120000000000759400000000000000001819                900002030           09      00        
0330002300032Z70976E16795C13E9231E4D5                                         PGTFORNB14122012900002030                                                                                                                               00        
0330002300033J00039991554700001056872053186387005313093513001REAL MOTO PECAS LTDA          14122012000000000105687000000000000000000000000000000141220120000000001056870000000000000001838                900002048           09      00        
0330002300034Z70976E11B9E14E6C94EC6B9                                         PGTFORNB14122012900002048                                                                                                                               00        
0330002300035J00039993554700001885352053186291105313093513001REAL MOTO PECAS LTDA          14122012000000000188535000000000000000000000000000000141220120000000001885350000000000000001839                900002049           09      00        
0330002300036Z70976E14CF1668D226CF2C9                                         PGTFORNB14122012900002049                                                                                                                               00        
0330002300037J00023793554700000060004130074130005992800050880SOUZA RAMOS COM E IMP LTDA    14122012000000000006000000000000000000000000000000000141220120000000000060000000000000000001840                900002050           09      00        
0330002300038Z70976E12FD1EB5E4BF8A64D                                         PGTFORNB14122012900002050                                                                                                                               00        
0330002300039J00023798554700000361090545090000030362100705060TONINI DISTRIBUIDORA LTDA     14122012000000000036109000000000000000000000000000000141220120000000000361090000000000000001841                900002051           09      00        
0330002300040Z70976E191A40EFFD3835726                                         PGTFORNB14122012900002051                                                                                                                               00        
0330002300041J00034197554700003727831126392098928949010469000TSA TECN SIST AUTOM LTDA      14122012000000000372783000000000000000000000000000000141220120000000003727830000000000000001842                900002052           09      00        
0330002300042Z70976E1512DCEBFC67BF949                                         PGTFORNB14122012900002052                                                                                                                               00        
0330002300043J00039991554700000215211764724273104540079149001BANCO SOFISA SA               14122012000000000021521000000000000000000000000000000141220120000000000215210000000000000001843                900002053           09      00        
0330002300044Z70976E16BDAFF27455D6561                                         PGTFORNB14122012900002053                                                                                                                               00        
0330002300045J00039991554700000644351764724272304540079149001BANCO SOFISA SA               14122012000000000064435000000000000000000000000000000141220120000000000644350000000000000001844                900002054           09      00        
0330002300046Z70976E109085497B151C51B                                         PGTFORNB14122012900002054                                                                                                                               00        
0330002300047J00023798554700000627500090192331000000901013270WELLBOR AUTO PECAS LTDA       14122012000000000062750000000000000000000000000000000141220120000000000627500000000000000001845                900002055           09      00        
0330002300048Z70976E1316F9E6C7F1DE739                                         PGTFORNB14122012900002055                                                                                                                               00        
0330002300049J00023791554700000380413262090000030850700935470COMDIP COMERCIAL DISTR DE PECA14122012000000000038041000000000000000000000000000000141220120000000000380410000000000000001820                900002031           09      00        
0330002300050Z70976E12B8BABC6B4640EBD                                         PGTFORNB14122012900002031                                                                                                                               00        
0330002300051J00034193554700001131711570766747744522114471000COML NV MILLENNIUN A P LTDA EP14122012000000000113171000000000005658000000000000000141220120000000001075130000000000000001821                900002032           09      00        
0330002300052Z70976E1CA4F032E6A23D4BF                                         PGTFORNB14122012900002032                                                                                                                               00        
0330002300053J00034195554700000448091570725747704522114471000COML NV MILLENNIUN A P LTDA EP14122012000000000044809000000000002240000000000000000141220120000000000425690000000000000001822                900002033           09      00        
0330002300054Z70976E1B0427DB7C5F6D6DC                                         PGTFORNB14122012900002033                                                                                                                               00        
0330002300055J00039994554700000131203005507878103430712744001DISTRIBUIDORA AUTOMOTIVA S/A  14122012000000000013120000000000000000000000000000000141220120000000000131200000000000000001823                900002034           09      00        
0330002300056Z70976E1ED80A1F23D926D68                                         PGTFORNB14122012900002034                                                                                                                               00        
0330002300057J00023797554700000252290138092300000006601370000BBL SISTEMAS OPERACIONAIS LTDA14122012000000000025229000000000000000000000000000000141220120000000000252290000000000000001824                900002035           09      00        
0330002300058Z70976E14FF5251F61D7806D                                         PGTFORNB14122012900002035                                                                                                                               00        
0330002300059J00034192554700000065951125148926972938000052000EATON LTDA                    14122012000000000006595000000000000000000000000000000141220120000000000065950000000000000001825                900002036           09      00        
0330002300060Z70976E12530CC5EF50A2CDF                                         PGTFORNB14122012900002036                                                                                                                               00        
0330002300061J00034193554700001701581126111238552938000052000EATON LTDA                    14122012000000000170158000000000000000000000000000000141220120000000001701580000000000000001826                900002037           09      00        
0330002300062Z70976E16B4DBEA0087F15A2                                         PGTFORNB14122012900002037                                                                                                                               00        
0330002300063J00034199554700000586661125884107720765234976000GIANCAR DISTR AUTO PECAS LTDA 14122012000000000058666000000000000000000000000000000141220120000000000586660000000000000001827                900002038           09      00        
0330002300064Z70976E1561DE4CE2BD9F734                                         PGTFORNB14122012900002038                                                                                                                               00        
0330002300065J00034194554700000372371090304154350109276204000GIRANDO COMERCIO DE PECAS LTDA14122012000000000037237000000000000000000000000000000141220120000000000372370000000000000001828                900002039           09      00        
0330002300066Z70976E15A203AD4E0B102CA                                         PGTFORNB14122012900002039                                                                                                                               00        
0330002300067J00034193554700000302771090304154430109276204000GIRANDO COMERCIO DE PECAS LTDA14122012000000000030277000000000000000000000000000000141220120000000000302770000000000000001829                900002040           09      00        
0330002300068Z70976E1FD31E8028929D54E                                         PGTFORNB14122012900002040                                                                                                                               00        
0330002300069J00000194554700000163980442666088334120000204711INSTALADORA SAO MARCOS LTDA   14122012000000000016398000000000000000000000000000000141220120000000000163980000000000000001830                900002041           09      00        
0330002300070Z70976E170F4C2EC2A988D21                                         PGTFORNB14122012900002041                                                                                                                               00        
0330002300071J00034199554700003159741126553074060007499999000LX IND E COM DE AUTOPECAS LTDA14122012000000000315974000000000000000000000000000000141220120000000003159740000000000000001831                900002042           09      00        
0330002300072Z70976E1D2226F2F4B6C84D1                                         PGTFORNB14122012900002042                                                                                                                               00        
0330002300073J00000195554700017390400000002146519442759598811METALURGICA TUBA LTDA         14122012000000001739040000000000000000000000000000000141220120000000017390400000000000000001833                900002043           09      00        
0330002300074Z70976E147D33EFCF6E872AB                                         PGTFORNB14122012900002043                                                                                                                               00        
0330002300075J00039997554700000037323512576000000035948134922RODONAVES TRANSP E ENCOMENDAS 14122012000000000003732000000000000000000000000000000141220120000000000037320000000000000001846                900002056           09      00        
0330002300076Z70976E15632318A1D44D422                                         PGTFORNB14122012900002056                                                                                                                               00        
0330002300077J00039991554700000036813512576000000035948234922RODONAVES TRANSP E ENCOMENDAS 14122012000000000003681000000000000000000000000000000141220120000000000036810000000000000001847                900002057           09      00        
0330002300078Z70976E10E2EA80FE140A897                                         PGTFORNB14122012900002057                                                                                                                               00        
0330002300079J00023797554700000136471316090000009374200009000APS DISTRIBUIDORA DE AUTOPECAS14122012000000000013647000000000000000000000000000000141220120000000000136470000000000000001807                900002019           09      00        
0330002300080Z70976E1D0A3C56545098019                                         PGTFORNB14122012900002019                                                                                                                               00        
03300025         000082000000000005830936000000000000000000311214                                                                                                                                                                               
03399999         000002000090000000                                                                                                                                                                                                             
