03300000         2054375370001370033006500490028050300065 0000480000414 AUTO GERAL DE ITU LTDA        SANTANDER                               22103201302180500028406000000                                                                     
03300011C2030030 2054375370001370033006500490028050300065 0000480000414 AUTO GERAL DE ITU LTDA                                                                              00000                                   00000000                    
0330001300001J00003398564400000126809513931700000104346580101DISTRIBUIDORA AUTOMOTIVA S.A. 21032013000000000012680000000000000000000000000000000210320130000000000126800000000000000005104                900005372           09      00        
0330001300002Z70976E1FC7D3D9C0FF9E330                                         PGTFORNB21032013900005372                                                                                                                               00        
0330001300003J00003391564400000613659492147000000000590560104J FREITAS COM IMP E EXP LTDA  21032013000000000061365000000000000000000000000000000210320130000000000613650000000000000005111                900005373           09      00        
0330001300004Z70976E1A82F033BE5E30A54                                         PGTFORNB21032013900005373                                                                                                                               00        
0330001300005J00035694564400000179780689070323400000003266940DISTRIBUIDORA AUTOMOTIVA S.A. 21032013000000000017978000000000000000000000000000000210320130000000000179780000000000000005103                900005387           09      00        
0330001300006Z70976E12A41380D2CDD1136                                         PGTFORNB21032013900005387                                                                                                                               00        
0330001300007J00035691564400000135060689070323420000003267094DISTRIBUIDORA AUTOMOTIVA S.A. 21032013000000000013506000000000000000000000000000000210320130000000000135060000000000000005105                900005388           09      00        
0330001300008Z70976E1C067097F93E9FC4D                                         PGTFORNB21032013900005388                                                                                                                               00        
03300015         000010000000000000105529000000000000000000300321                                                                                                                                                                               
03300021C2031030 2054375370001370033006500490028050300065 0000480000414 AUTO GERAL DE ITU LTDA                                                                              00000                                   00000000                    
0330002300001J00023791564400000087093372090000016602505040000ABRAO REZE COM DE VEICULOS LTD21032013000000000008709000000000000000000000000000000210320130000000000087090000000000000005090                900005374           09      00        
0330002300002Z70976E11748B358DDB4B453                                         PGTFORNB21032013900005374                                                                                                                               00        
0330002300003J00034198564400000689941128691870992938107808000ELIVEL AUTOMOTORES LTDA       21032013000000000068994000000000000000000000000000000210320130000000000689940000000000000005106                900005389           09      00        
0330002300004Z70976E121C7A9298F150FD1                                         PGTFORNB21032013900005389                                                                                                                               00        
0330002300005J00023799564400000690002701093050000001000123690FORTEPIRA DISTR. DE AUTO PECAS21032013000000000069000000000000000000000000000000000210320130000000000690000000000000000005107                900005390           09      00        
0330002300006Z70976E1B75AC7F5DFABCC88                                         PGTFORNB21032013900005390                                                                                                                               00        
0330002300007J00000191564400002171850444636474332220018013531GIANCAR DISTR AUTO PECAS LTDA 21032013000000000217185000000000000000000000000000000210320130000000002171850000000000000005108                900005391           09      00        
0330002300008Z70976E10C951D95F75E380F                                         PGTFORNB21032013900005391                                                                                                                               00        
0330002300009J00034191564400000409961090304658850109276204000GIRANDO COMERCIO DE PECAS LTDA21032013000000000040996000000000000000000000000000000210320130000000000409960000000000000005109                900005392           09      00        
0330002300010Z70976E1D9E020A6F9224E6A                                         PGTFORNB21032013900005392                                                                                                                               00        
0330002300011J00034191564400000129191090304659270109276204000GIRANDO COMERCIO DE PECAS LTDA21032013000000000012919000000000000000000000000000000210320130000000000129190000000000000005110                900005393           09      00        
0330002300012Z70976E1F97838D2B4ED820F                                         PGTFORNB21032013900005393                                                                                                                               00        
0330002300013J00023798564400002313002199090000012048500203330JBI COMERCIAL DE PLASTICOS REF21032013000000000231300000000000000000000000000000000210320130000000002313000000000000000005112                900005394           09      00        
0330002300014Z70976E15D45134B2B04BEEB                                         PGTFORNB21032013900005394                                                                                                                               00        
0330002300015J00000194564400004623610444957492734280000630911JOFUND S/A                    21032013000000000462361000000000000000000000000000000210320130000000004623610000000000000005113                900005395           09      00        
0330002300016Z70976E1508950CCD7BA5261                                         PGTFORNB21032013900005395                                                                                                                               00        
0330002300017J00023791564400000117003372097310006605100731000MAGGI AUTOMOVEIS LTDA         21032013000000000011700000000000000000000000000000000210320130000000000117000000000000000005114                900005396           09      00        
0330002300018Z70976E15E05145BBFBE53D6                                         PGTFORNB21032013900005396                                                                                                                               00        
0330002300019J00023791564400000328042078093063000004200013000DAVOS FOMENTO COMERCIAL LTDA  21032013000000000032804000000000000000000000000000000210320130000000000328040000000000000005115                900005397           09      00        
0330002300020Z70976E1D8C0736799BC9108                                         PGTFORNB21032013900005397                                                                                                                               00        
0330002300021J00023793564400000726492500090256573854300000340ODAPEL DISTRIBUIDORA DE AUTO P21032013000000000072649000000000000000000000000000000210320130000000000726490000000000000005116                900005398           09      00        
0330002300022Z70976E1347543435C242486                                         PGTFORNB21032013900005398                                                                                                                               00        
0330002300023J00023796564400002900482500090256573954100000340ODAPEL DISTRIBUIDORA DE AUTO P21032013000000000290048000000000000000000000000000000210320130000000002900480000000000000005117                900005399           09      00        
0330002300024Z70976E1A0372DA30E52AF3F                                         PGTFORNB21032013900005399                                                                                                                               00        
0330002300025J00039991564400000260758144671135004540096965001PELLEGRINO DISTRIBUIDORA DE AU21032013000000000026075000000000000000000000000000000210320130000000000260750000000000000005118                900005400           09      00        
0330002300026Z70976E1E6E11587A79718C7                                         PGTFORNB21032013900005400                                                                                                                               00        
0330002300027J00039991564400000351952696556956004540096965001PELLEGRINO DISTRIBUIDORA DE AU21032013000000000035195000000000000000000000000000000210320130000000000351950000000000000005119                900005401           09      00        
0330002300028Z70976E10C99FFD0464EC83B                                         PGTFORNB21032013900005401                                                                                                                               00        
0330002300029J00023791564400000283263484093036000093901129000PETRONAS LUBRIFICANTES BRASIL 21032013000000000028326000000000000000000000000000000210320130000000000283260000000000000005120                900005402           09      00        
0330002300030Z70976E1B2A5109D56EFE49F                                         PGTFORNB21032013900005402                                                                                                                               00        
0330002300031J00023798564400000615263395061180232932400028140ROCHESTER DISTRIBUIDORA DE AUT21032013000000000061526000000000000000000000000000000210320130000000000615260000000000000005121                900005403           09      00        
0330002300032Z70976E164E1F5E220CBE55F                                         PGTFORNB21032013900005403                                                                                                                               00        
0330002300033J00000193564400000185200444941520419140000644711SHARK TRATORES E PECAS LTDA   21032013000000000018520000000000000000000000000000000210320130000000000185200000000000000005122                900005404           09      00        
0330002300034Z70976E1F0C0A777E3220808                                         PGTFORNB21032013900005404                                                                                                                               00        
0330002300035J00034198564400000450001571725524690278526199000TECHNICAL FIRE SERV EQUIP LTDA21032013000000000045000000000000000000000000000000000210320130000000000450000000000000000005123                900005405           09      00        
0330002300036Z70976E1AE70552BCAB34B66                                         PGTFORNB21032013900005405                                                                                                                               00        
0330002300037J00023792564400000257480545090000033357600705060TONINI DISTRIBUIDORA LTDA     21032013000000000025748000000000000000000000000000000210320130000000000257480000000000000005124                900005406           09      00        
0330002300038Z70976E18E209A4B528F9093                                         PGTFORNB21032013900005406                                                                                                                               00        
0330002300039J00023791564400005563600448051010306975901533990BRADESCO SAUDE S/A            21032013000000000556360000000000000000000000000000000210320130000000005563600000000000000005125                900005407           09      00        
0330002300040Z70976E13F38D3E93DDC11F5                                         PGTFORNB21032013900005407                                                                                                                               00        
0330002300041J00023796564400001602692372196600107399600360080TELEFONICA BRASIL S/A         21032013000000000160269000000000000000000000000000000210320130000000001602690000000000000005126                900005408           09      00        
0330002300042Z70976E1C556273DEA5F61FF                                         PGTFORNB21032013900005408                                                                                                                               00        
0330002300043J00039991564400000376581770102446004061860231001CAR CENTRAL DE AUTOPECAS E ROL21032013000000000037658000000000000000000000000000000210320130000000000376580000000000000005093                900005377           09      00        
0330002300044Z70976E16D5C96E7D2C7431A                                         PGTFORNB21032013900005377                                                                                                                               00        
0330002300045J00039991564400000417541770102436204061860231001CAR CENTRAL DE AUTOPECAS E ROL21032013000000000041754000000000000000000000000000000210320130000000000417540000000000000005094                900005378           09      00        
0330002300046Z70976E1458D7AA709FA9118                                         PGTFORNB21032013900005378                                                                                                                               00        
0330002300047J00039997564400000212851770102442704061860231001CAR CENTRAL DE AUTOPECAS E ROL21032013000000000021285000000000000000000000000000000210320130000000000212850000000000000005095                900005379           09      00        
0330002300048Z70976E194C283FBB5818014                                         PGTFORNB21032013900005379                                                                                                                               00        
0330002300049J00034198564400000207501128732615670076000777000CENTER PECAS FABBRI LTDA      21032013000000000020750000000000000000000000000000000210320130000000000207500000000000000005096                900005380           09      00        
0330002300050Z70976E1268A7E30FDE0C2BA                                         PGTFORNB21032013900005380                                                                                                                               00        
0330002300051J00034191564400000419401128732615750076000777000CENTER PECAS FABBRI LTDA      21032013000000000041940000000000000000000000000000000210320130000000000419400000000000000005097                900005381           09      00        
0330002300052Z70976E10596E099AA04EF31                                         PGTFORNB21032013900005381                                                                                                                               00        
0330002300053J00034191564400000126731090064062840757035373000CIPEC INDUSTRIAL DE AUTOPECAS 21032013000000000012673000000000000000000000000000000210320130000000000126730000000000000005098                900005382           09      00        
0330002300054Z70976E18354D8B7F17379BD                                         PGTFORNB21032013900005382                                                                                                                               00        
0330002300055J00034199564400001008511090064062920757035373000CIPEC INDUSTRIAL DE AUTOPECAS 21032013000000000100851000000000000000000000000000000210320130000000001008510000000000000005099                900005383           09      00        
0330002300056Z70976E1D0BC4732C1D480F6                                         PGTFORNB21032013900005383                                                                                                                               00        
0330002300057J00034198564400000750001090917588680278749841000COMERCIAL ELETRO DIESEL LORENZ21032013000000000075000000000000000000000000000000000210320130000000000750000000000000000005100                900005384           09      00        
0330002300058Z70976E11A5B3D3CF91F4D5F                                         PGTFORNB21032013900005384                                                                                                                               00        
0330002300059J00034191564400000845001127849287341446662742000COML FIX IMPL RODOVIARIOS LTDA21032013000000000084500000000000000000000000000000000210320130000000000845000000000000000005101                900005385           09      00        
0330002300060Z70976E1BDC81C8DFD154032                                         PGTFORNB21032013900005385                                                                                                                               00        
0330002300061J00034194564400000436421129046163000078267192000DISTRIBUIDORA DE PECAS PARA AU21032013000000000043642000000000000000000000000000000210320130000000000436420000000000000005102                900005386           09      00        
0330002300062Z70976E1384EC7749E8B1C1C                                         PGTFORNB21032013900005386                                                                                                                               00        
0330002300063J00034197564400002023501127508453831248021303000BANCO FIBRA SA                21032013000000000202350000000000000000000000000000000210320130000000002023500000000000000005091                900005375           09      00        
0330002300064Z70976E18D015352523360F7                                         PGTFORNB21032013900005375                                                                                                                               00        
0330002300065J00000191564400000408061823850974029130010401917CAMPINAS DIESEL LTDA          21032013000000000040806000000000000000000000000000000210320130000000000408060000000000000005092                900005376           09      00        
0330002300066Z70976E1174312111582F406                                         PGTFORNB21032013900005376                                                                                                                               00        
03300025         000068000000000003198893000000000000000000310321                                                                                                                                                                               
03399999         000002000080000000                                                                                                                                                                                                             
