03300000         2054375370001370033006500490028050300065 0000480000414 AUTO GERAL DE ITU LTDA        SANTANDER                               22802201302255600024406000000                                                                     
03300011C2030030 2054375370001370033006500490028050300065 0000480000414 AUTO GERAL DE ITU LTDA                                                                              00000                                   00000000                    
0330001300001J00003396562400001115319482966200000025363740104CAR CENTRAL DE AUTOPECAS E ROL01032013000000000111531000000000000000000000000000000280220130000000001115310000000000000004384                900004664           09      00        
0330001300002Z70976E153ED72E443C81257                                         PGTFORNB28022013900004664                                                                                                                               00        
0330001300003J00003391562400000719209492147000000000546070104J FREITAS COM IMP E EXP LTDA  01032013000000000071920000000000000000000000000000000280220130000000000719200000000000000004401                900004665           09      00        
0330001300004Z70976E15E7D5F2409C42B42                                         PGTFORNB28022013900004665                                                                                                                               00        
0330001300005J00003395562400009822509537802800000000009370104SPARX IND E COM DE PECAS AUTO 01032013000000000982250000000000000000000000000000000280220130000000009822500000000000000004408                900004666           09      00        
0330001300006Z70976E11CC78662B70733DE                                         PGTFORNB28022013900004666                                                                                                                               00        
03300015         000008000000000001165701000000000000000000300228                                                                                                                                                                               
03300021C2031030 2054375370001370033006500490028050300065 0000480000414 AUTO GERAL DE ITU LTDA                                                                              00000                                   00000000                    
0330002300001J00034192562400002023501127508453751248021303000BANCO FIBRA SA                01032013000000000202350000000000000000000000000000000280220130000000002023500000000000000004382                900004667           09      00        
0330002300002Z70976E18354D001E04EFFC6                                         PGTFORNB28022013900004667                                                                                                                               00        
0330002300003J00023793562400006771292386093044000003500043000METALURGICA TUBA LTDA         01032013000000000677129000000000000000000000000000000280220130000000006771290000000000000004409                900004691           09      00        
0330002300004Z70976E1575216C57078AA04                                         PGTFORNB28022013900004691                                                                                                                               00        
0330002300005J00023793562400000416792500090256572512500000340ODAPEL DISTRIBUIDORA DE AUTO P01032013000000000041679000000000000000000000000000000280220130000000000416790000000000000004410                900004692           09      00        
0330002300006Z70976E12BDE1C3A60A253F6                                         PGTFORNB28022013900004692                                                                                                                               00        
0330002300007J00023799562400000583280495093035000031300995600CAOA CAMINHOES LTDA           01032013000000000058328000000000000000000000000000000280220130000000000583280000000000000004383                900004668           09      00        
0330002300008Z70976E1B2E767834FC112B4                                         PGTFORNB28022013900004668                                                                                                                               00        
0330002300009J00039991562400000273991768558889704061860231001CAR CENTRAL DE AUTOPECAS E ROL01032013000000000027399000000000000000000000000000000280220130000000000273990000000000000004385                900004669           09      00        
0330002300010Z70976E115129869FD6B5B48                                         PGTFORNB28022013900004669                                                                                                                               00        
0330002300011J00039993562400002030192400491429106573205239001RODONAVES TRANSP E ENCOMENDAS 01032013000000000203019000000000000000000000000000000280220130000000002030190000000000000004422                900004704           09      00        
0330002300012Z70976E1DC93161BEABCE768                                         PGTFORNB28022013900004704                                                                                                                               00        
0330002300013J00039991562400004531152671847039003435718856001SERASA S.A                    01032013000000000453115000000000000000000000000000000280220130000000004531150000000000000004423                900004705           09      00        
0330002300014Z70976E1989E50D18EFD5599                                         PGTFORNB28022013900004705                                                                                                                               00        
0330002300015J00034198562400000049501128278478670076000777000CENTER PECAS FABBRI LTDA      01032013000000000004950000000000000000000000000000000280220130000000000049500000000000000004386                900004670           09      00        
0330002300016Z70976E1CB804203F18EF279                                         PGTFORNB28022013900004670                                                                                                                               00        
0330002300017J00039992562400006186291769015117002680075859001COBRA ROLAMENTOS E AUTO PECAS 01032013000000000618629000000000000000000000000000000280220130000000006186290000000000000004387                900004671           09      00        
0330002300018Z70976E10C5E5B6F5B8AA083                                         PGTFORNB28022013900004671                                                                                                                               00        
0330002300019J00023796562400000216512002061301408228100829680COMERCIAL AUTOMOTIVA S.A.     01032013000000000021651000000000000000000000000000000280220130000000000216510000000000000004388                900004672           09      00        
0330002300020Z70976E12203FF2C84E42F2C                                         PGTFORNB28022013900004672                                                                                                                               00        
0330002300021J00023792562400000525672198093035000000700072000COMERCIAL SAMBAIBA DE VIATURAS01032013000000000052567000000000000000000000000000000280220130000000000525670000000000000004389                900004673           09      00        
0330002300022Z70976E123DAAF9E06F5FFAD                                         PGTFORNB28022013900004673                                                                                                                               00        
0330002300023J00023791562400011747762207093045000001600237540D HELIX INDUSTRIA E COMERCIO L01032013000000001174776000000000000000000000000000000280220130000000011747760000000000000004390                900004674           09      00        
0330002300024Z70976E13688F613EB52953B                                         PGTFORNB28022013900004674                                                                                                                               00        
0330002300025J00034191562400000400271127692000832938036635000DAYCO POWER TRANSMISSION      01032013000000000040027000000000000000000000000000000280220130000000000400270000000000000004391                900004675           09      00        
0330002300026Z70976E18FAC575925861555                                         PGTFORNB28022013900004675                                                                                                                               00        
0330002300027J00034199562400000070301127692000912938036635000DAYCO POWER TRANSMISSION      01032013000000000007030000000000000000000000000000000280220130000000000070300000000000000004392                900004676           09      00        
0330002300028Z70976E17F72B421DA15DED4                                         PGTFORNB28022013900004676                                                                                                                               00        
0330002300029J00034196562400000806051128518994530249809195000DRIVEWAY INDUSTRIA BRASILEIRA 01032013000000000080605000000000000000000000000000000280220130000000000806050000000000000004393                900004677           09      00        
0330002300030Z70976E13096CD4138FE0B1B                                         PGTFORNB28022013900004677                                                                                                                               00        
0330002300031J00034197562400000096421127789032712938000052000EATON LTDA                    01032013000000000009642000000000000000000000000000000280220130000000000096420000000000000004394                900004678           09      00        
0330002300032Z70976E1E5C3C0C30DA6784C                                         PGTFORNB28022013900004678                                                                                                                               00        
0330002300033J00034197562400002349611128185174952938000052000EATON LTDA                    01032013000000000234961000000000000000000000000000000280220130000000002349610000000000000004395                900004679           09      00        
0330002300034Z70976E19FEA7B722E094825                                         PGTFORNB28022013900004679                                                                                                                               00        
0330002300035J00034192562400000216521128185187092938000052000EATON LTDA                    01032013000000000021652000000000000000000000000000000280220130000000000216520000000000000004396                900004680           09      00        
0330002300036Z70976E18DC44CDCB7790F3A                                         PGTFORNB28022013900004680                                                                                                                               00        
0330002300037J00034196562400000531931127789018532938000052000EATON LTDA                    01032013000000000053193000000000000000000000000000000280220130000000000531930000000000000004397                900004681           09      00        
0330002300038Z70976E1373B782676ED13AB                                         PGTFORNB28022013900004681                                                                                                                               00        
0330002300039J00034194562400008197651090304542440109276204000GIRANDO COMERCIO DE PECAS LTDA01032013000000000819765000000000000000000000000000000280220130000000008197650000000000000004398                900004682           09      00        
0330002300040Z70976E18CC4226835E6769B                                         PGTFORNB28022013900004682                                                                                                                               00        
0330002300041J00034193562400000284521090304546650109276204000GIRANDO COMERCIO DE PECAS LTDA01032013000000000028452000000000000000000000000000000280220130000000000284520000000000000004399                900004683           09      00        
0330002300042Z70976E18D427C196444D266                                         PGTFORNB28022013900004683                                                                                                                               00        
0330002300043J00034196562400000288451090304546730109276204000GIRANDO COMERCIO DE PECAS LTDA01032013000000000028845000000000000000000000000000000280220130000000000288450000000000000004400                900004684           09      00        
0330002300044Z70976E18F0B859FB2F96484                                         PGTFORNB28022013900004684                                                                                                                               00        
0330002300045J00074593562400000789543314080403011770073964048LNG IMP EXP DE AUTOPECAS LTDA 01032013000000000078954000000000000000000000000000000280220130000000000789540000000000000004402                900004685           09      00        
0330002300046Z70976E16A710BFC5E05DF27                                         PGTFORNB28022013900004685                                                                                                                               00        
0330002300047J00000198562400000410150444399311133200001050131LUPORINI DISTR DE AUTOPECAS LT01032013000000000041015000000000000000000000000000000280220130000000000410150000000000000004403                900004686           09      00        
0330002300048Z70976E12495E82F519616B5                                         PGTFORNB28022013900004686                                                                                                                               00        
0330002300049J00034196562400004283921127685162992938025125000MAHLE METAL LEVE S/A          01032013000000000428392000000000000000000000000000000280220130000000004283920000000000000004404                900004687           09      00        
0330002300050Z70976E11CB72D36025A73D3                                         PGTFORNB28022013900004687                                                                                                                               00        
0330002300051J00034197562400003671971127685162812938025125000MAHLE METAL LEVE S/A          01032013000000000367197000000000000000000000000000000280220130000000003671970000000000000004405                900004688           09      00        
0330002300052Z70976E17CFEEC29222F4F6D                                         PGTFORNB28022013900004688                                                                                                                               00        
0330002300053J00034191562400000150881127685162732938025125000MAHLE METAL LEVE S/A          01032013000000000015088000000000000000000000000000000280220130000000000150880000000000000004406                900004689           09      00        
0330002300054Z70976E1BAD41098B5C989BB                                         PGTFORNB28022013900004689                                                                                                                               00        
0330002300055J00034199562400000075441127685162082938025125000MAHLE METAL LEVE S/A          01032013000000000007544000000000000000000000000000000280220130000000000075440000000000000004407                900004690           09      00        
0330002300056Z70976E1C1D47EF6C22F3CD1                                         PGTFORNB28022013900004690                                                                                                                               00        
0330002300057J00034192562400000154401750013157680278038278000PADOVANI E PADOVANI LTDA      01032013000000000015440000000000000000000000000000000280220130000000000154400000000000000004411                900004693           09      00        
0330002300058Z70976E1E442904418341765                                         PGTFORNB28022013900004693                                                                                                                               00        
0330002300059J00023792562400000606480151091330460058201251750PECA MAIS COMERCIO DE AUTO PEC01032013000000000060648000000000000000000000000000000280220130000000000606480000000000000004412                900004694           09      00        
0330002300060Z70976E1AA881B2F6E42EB49                                         PGTFORNB28022013900004694                                                                                                                               00        
0330002300061J00039992562400000930008144670018904540096965001PELLEGRINO DISTRIBUIDORA DE AU01032013000000000093000000000000000000000000000000000280220130000000000930000000000000000004413                900004695           09      00        
0330002300062Z70976E1B6063ECB3F7F7ECA                                         PGTFORNB28022013900004695                                                                                                                               00        
0330002300063J00039995562400001460723133547649505313093513001REAL MOTO PECAS LTDA          01032013000000000146072000000000000000000000000000000280220130000000001460720000000000000004414                900004696           09      00        
0330002300064Z70976E104E371A9492814D8                                         PGTFORNB28022013900004696                                                                                                                               00        
0330002300065J00023795562400000314833395061180232910200028140ROCHESTER DISTRIBUIDORA DE AUT01032013000000000031483000000000000000000000000000000280220130000000000314830000000000000004415                900004697           09      00        
0330002300066Z70976E1074A052AFE03DC79                                         PGTFORNB28022013900004697                                                                                                                               00        
0330002300067J00000191564200003987250000002492841000000002517WALTEC INDUSTRIA E COMERCIO DE19032013000000000398725000000000000000000000000000000280220130000000003987250000000000000004416                900004698           09      00        
0330002300068Z70976E1CB77A17C3367DFC7                                         PGTFORNB28022013900004698                                                                                                                               00        
0330002300069J00000197562400000958840442891154234200002431331ZM S/A                        01032013000000000095884000000000000000000000000000000280220130000000000958840000000000000004417                900004699           09      00        
0330002300070Z70976E1AE7C25B27052D204                                         PGTFORNB28022013900004699                                                                                                                               00        
0330002300071J00000191562400000151400000001555704202000131617VIRTUAL EXPRESS TRANSPORTES E 01032013000000000015140000000000000000000000000000000280220130000000000151400000000000000004418                900004700           09      00        
0330002300072Z70976E1174B528C8AB50D07                                         PGTFORNB28022013900004700                                                                                                                               00        
0330002300073J00023799562400000531852372196600105165900360080TELEFONICA BRASIL S/A         01032013000000000053185000000000000000000000000000000280220130000000000531850000000000000004419                900004701           09      00        
0330002300074Z70976E13C7FC4757B385EF7                                         PGTFORNB28022013900004701                                                                                                                               00        
0330002300075J00039991562400000082072400491431306573205239001RODONAVES TRANSP E ENCOMENDAS 01032013000000000008207000000000000000000000000000000280220130000000000082070000000000000004420                900004702           09      00        
0330002300076Z70976E1886C08C337BB03DF                                         PGTFORNB28022013900004702                                                                                                                               00        
0330002300077J00039991562400000097592400491430506573205239001RODONAVES TRANSP E ENCOMENDAS 01032013000000000009759000000000000000000000000000000280220130000000000097590000000000000004421                900004703           09      00        
0330002300078Z70976E10708E2D014FF4509                                         PGTFORNB28022013900004703                                                                                                                               00        
03300025         000080000000000006725497000000000000000000310228                                                                                                                                                                               
03399999         000002000090000000                                                                                                                                                                                                             
