03300000         2054375370001370033006500490028050300065 0000480000414 AUTO GERAL DE ITU LTDA        SANTANDER                               22401201302212400018006000000                                                                     
03300011C2030030 2054375370001370033006500490028050300065 0000480000414 AUTO GERAL DE ITU LTDA                                                                              00000                                   00000000                    
0330001300001J00035691558800000139810689070323460000004898752DISTRIBUIDORA AUTOMOTIVA S/A  24012013000000000013981000000000000000000000000000000240120130000000000139810000000000000003203                900003489           09      00        
0330001300002Z70976E11A40DBD7C02690DD                                         PGTFORNB24012013900003489                                                                                                                               00        
0330001300003J00035696558800000781140689070323490000004898759DISTRIBUIDORA AUTOMOTIVA S/A  24012013000000000078114000000000000000000000000000000240120130000000000781140000000000000003205                900003490           09      00        
0330001300004Z70976E14168B0F7F1FE2F40                                         PGTFORNB24012013900003490                                                                                                                               00        
0330001300005J00035698558800000247120689070323420000004898921DISTRIBUIDORA AUTOMOTIVA S/A  24012013000000000024712000000000000000000000000000000240120130000000000247120000000000000003206                900003491           09      00        
0330001300006Z70976E1CDCA2E0B72A3B81A                                         PGTFORNB24012013900003491                                                                                                                               00        
0330001300007J00003391558800000359409513931700000103832040101DISTRIBUIDORA AUTOMOTIVA S/A  24012013000000000035940000000000000000000000000000000240120130000000000359400000000000000003204                900003482           09      00        
0330001300008Z70976E1E75C9FC4C3BEB862                                         PGTFORNB24012013900003482                                                                                                                               00        
0330001300009J00003397558800005125549537802800000000007770203SPARX IND E COM DE PECAS AUTO 24012013000000000512554000000000000000000000000000000240120130000000005125540000000000000003212                900003483           09      00        
0330001300010Z70976E1E77163550A6F918A                                         PGTFORNB24012013900003483                                                                                                                               00        
0330001300011J00003393558800000945009133966400000000341770102LAMACE COM IMP EXP LTDA       24012013000000000094500000000000000000000000000000000240120130000000000945000000000000000003220                900003484           09      00        
0330001300012Z70976E1F27D04F62F28EF1F                                         PGTFORNB24012013900003484                                                                                                                               00        
03300015         000014000000000000759801000000000000000000300124                                                                                                                                                                               
03300021C2031030 2054375370001370033006500490028050300065 0000480000414 AUTO GERAL DE ITU LTDA                                                                              00000                                   00000000                    
0330002300001J00023798558800000957492002061301394534100829680COMERCIAL AUTOMOTIVA S.A.     24012013000000000095749000000000000000000000000000000240120130000000000957490000000000000003199                900003485           09      00        
0330002300002Z70976E18E47B8B762823A6E                                         PGTFORNB24012013900003485                                                                                                                               00        
0330002300003J00074897558800001412931112202628630220404131107COMERCIAL REDE INDUSTRIA DE PE24012013000000000141293000000000000000000000000000000240120130000000001412930000000000000003200                900003486           09      00        
0330002300004Z70976E17E461E514C7400CD                                         PGTFORNB24012013900003486                                                                                                                               00        
0330002300005J00000191558800000072500000001563680000003082417DIRECOES HIDRAULICAS LONDRINA 24012013000000000007250000000000000000000000000000000240120130000000000072500000000000000003201                900003487           09      00        
0330002300006Z70976E1D117290C17EA9229                                         PGTFORNB24012013900003487                                                                                                                               00        
0330002300007J00034194558800001831711127432822070078267192000DISTRIBUIDORA DE PECAS PARA AU24012013000000000183171000000000000000000000000000000240120130000000001831710000000000000003202                900003488           09      00        
0330002300008Z70976E1B352AA7FE26D4DE7                                         PGTFORNB24012013900003488                                                                                                                               00        
0330002300009J00023791558800000318640138092341000004501370000BBL SISTEMAS OPERACIONAIS LTDA24012013000000000031864000000000000000000000000000000240120130000000000318640000000000000003207                900003492           09      00        
0330002300010Z70976E108F33E4F3C39D036                                         PGTFORNB24012013900003492                                                                                                                               00        
0330002300011J00034191558800000136991090304359870109276204000GIRANDO COMERCIO DE PECAS LTDA24012013000000000013699000000000000000000000000000000240120130000000000136990000000000000003208                900003493           09      00        
0330002300012Z70976E1FAF8BE79D6B0D365                                         PGTFORNB24012013900003493                                                                                                                               00        
0330002300013J00034194558800000381831090304355160109276204000GIRANDO COMERCIO DE PECAS LTDA24012013000000000038183000000000000000000000000000000240120130000000000381830000000000000003209                900003494           09      00        
0330002300014Z70976E17DA1C8F569AA881C                                         PGTFORNB24012013900003494                                                                                                                               00        
0330002300015J00034197558800000195911126683840610017301896000LUKSNOVA S/A IND E COM        24012013000000000019591000000000001019000000000000000240120130000000000185720000000000000003210                900003495           09      00        
0330002300016Z70976E13009843469BB4639                                         PGTFORNB24012013900003495                                                                                                                               00        
0330002300017J00023791558800000061503372097672311621700767230MAGGI VEICULOS LTDA           24012013000000000006150000000000000000000000000000000240120130000000000061500000000000000003211                900003496           09      00        
0330002300018Z70976E1EC4D8E5BBDE39CFC                                         PGTFORNB24012013900003496                                                                                                                               00        
0330002300019J00023796558800000609002500090256570229700000340ODAPEL DISTRIBUIDORA DE AUTO P24012013000000000060900000000000000000000000000000000240120130000000000609000000000000000003213                900003497           09      00        
0330002300020Z70976E16256A2A14DF73F05                                         PGTFORNB24012013900003497                                                                                                                               00        
0330002300021J00023792558800002478152500090256570179000000340ODAPEL DISTRIBUIDORA DE AUTO P24012013000000000247815000000000000000000000000000000240120130000000002478150000000000000003214                900003498           09      00        
0330002300022Z70976E13DC5F7847A50C658                                         PGTFORNB24012013900003498                                                                                                                               00        
0330002300023J00039992558800001045948144668136204540096965001PELLEGRINO DISTRIBUIDORA DE AU24012013000000000104594000000000000000000000000000000240120130000000001045940000000000000003215                900003499           09      00        
0330002300024Z70976E18053F76DE4E4B2A5                                         PGTFORNB24012013900003499                                                                                                                               00        
0330002300025J00039999558800001078306696534643104540096965001PELLEGRINO DISTRIBUIDORA DE AU24012013000000000107830000000000000000000000000000000240120130000000001078300000000000000003216                900003500           09      00        
0330002300026Z70976E1D6497B8C1831442C                                         PGTFORNB24012013900003500                                                                                                                               00        
0330002300027J00034195558800000874561571226457908073000898000SDAP SOROCABA D A P LTDA ME   24012013000000000087456000000000000000000000000000000240120130000000000874560000000000000003217                900003501           09      00        
0330002300028Z70976E19A3F190FAC19272E                                         PGTFORNB24012013900003501                                                                                                                               00        
0330002300029J00034199558800002768291090000252410525580825000W DISTRIBUIDORA LTDA          24012013000000000276829000000000000000000000000000000240120130000000002768290000000000000003218                900003502           09      00        
0330002300030Z70976E1569F55ABBC0BBACE                                         PGTFORNB24012013900003502                                                                                                                               00        
0330002300031J00034199558800000231001127381661918513014608000SATTURNO SOROCABA TELEFONIA LT24012013000000000023100000000000000000000000000000000240120130000000000231000000000000000003219                900003503           09      00        
0330002300032Z70976E1AECA210607B1BE05                                         PGTFORNB24012013900003503                                                                                                                               00        
0330002300033J00023797558800000682022372196600101520800360080TELEFONICA BRASIL S/A         24012013000000000068202000000000000000000000000000000240120130000000000682020000000000000003221                900003504           09      00        
0330002300034Z70976E15D444952CBE2F84A                                         PGTFORNB24012013900003504                                                                                                                               00        
03300025         000036000000000001512657000000000000000000310124                                                                                                                                                                               
03399999         000002000052000000                                                                                                                                                                                                             
