03300000         2054375370001370033006500490028050300065 0000480000414 AUTO GERAL DE ITU LTDA        SANTANDER                               20102201313213300019506000000                                                                     
03300011C2011030 2054375370001370033006500490028050300065 0000480000414 AUTO GERAL DE ITU LTDA                                                                              00000                                   00000000                    
0330001300001O00084640000001804310291127538347574001130130201TELEFONICA                    01022013010220130000000000180433458                900003742                                                                               00        
0330001300002Z70976E13D0881DA8782FB89                                         PGTFORNB01022013900003742                                                                                                                               00        
03300015         000004000000000000018043000000000000000000110201                                                                                                                                                                               
03399999         000001000006000000                                                                                                                                                                                                             
