03300000         2054375370001370033006500490028050300065 0000480000414 AUTO GERAL DE ITU LTDA        SANTANDER                               21411201203063300004606000000                                                                     
03300011C2030030 2054375370001370033006500490028050300065 0000480000414 AUTO GERAL DE ITU LTDA                                                                              00000                                   00000000                    
0330001300001J00003393551700000279479513931700000103275170101DISTRIBUIDORA AUTOMOTIVA SA   1411201200000000002794700000000000000000000000000000014112012000000000027947000000000000000759                 900001040           09      00        
0330001300002Z70976E1E8D6BC5549C5A2E9                                         PGTFORNB14112012900001040                                                                                                                               00        
0330001300003J00003394551700001154249489019100000091980080104KSPG AUTOMOTIVE BRASIL LTDA   1411201200000000011542400000000000000000000000000000014112012000000000115424000000000000000767                 900001041           09      00        
0330001300004Z70976E10F2377F20C018036                                         PGTFORNB14112012900001041                                                                                                                               00        
03300015         000006000000000000143371000000000000000000301114                                                                                                                                                                               
03300021C2031030 2054375370001370033006500490028050300065 0000480000414 AUTO GERAL DE ITU LTDA                                                                              00000                                   00000000                    
0330002300001J00034193551700001584961125629141466830231038000ALESSANDRO MEDEIROS B EPP     1411201200000000015849600000000000000000000000000000014112012000000000158496000000000000000748                 900001042           09      00        
0330002300002Z70976E1BE226E9C699CAB46                                         PGTFORNB14112012900001042                                                                                                                               00        
0330002300003J00023791551700000328744130072304000141605005930FW DISTRIBUIDORA LTDA         1411201200000000003287400000000000000000000000000000014112012000000000032874000000000000000765                 900001058           09      00        
0330002300004Z70976E11F0C95B8F20EA626                                         PGTFORNB14112012900001058                                                                                                                               00        
0330002300005J00000195551700006651470442085500634280000630911JOFUND SA                     1411201200000000066514700000000000000000000000000000014112012000000000665147000000000000000766                 900001059           09      00        
0330002300006Z70976E103CC412919FBF685                                         PGTFORNB14112012900001059                                                                                                                               00        
0330002300007J00023794551700000429221911092291000001000178030LNG IMP EXP DE AUTOPECAS LTDA 1411201200000000004292200000000000000000000000000000014112012000000000042922000000000000000768                 900001060           09      00        
0330002300008Z70976E1284EA3A1E10B0ABC                                         PGTFORNB14112012900001060                                                                                                                               00        
0330002300009J00023795551700000740911523191323180407100006070LX IND E COM DE AUTOPECAS LTDA1411201200000000007409100000000000000000000000000000014112012000000000074091000000000000000769                 900001061           09      00        
0330002300010Z70976E1C39A2A68DDB598BE                                         PGTFORNB14112012900001061                                                                                                                               00        
0330002300011J00023798551700000408643394090000011191400324600MORELATE DISTR AUTOPECAS LTDA 1411201200000000004086400000000000000000000000000000014112012000000000040864000000000000000770                 900001062           09      00        
0330002300012Z70976E10009FD7F3CB31F19                                         PGTFORNB14112012900001062                                                                                                                               00        
0330002300013J00039994551700000228408144664981704540096965001PELLEGRINO DISTR DE AUTOPECAS 1411201200000000002284000000000000000000000000000000014112012000000000022840000000000000000771                 900001063           09      00        
0330002300014Z70976E1C2F3947F65CD5B97                                         PGTFORNB14112012900001063                                                                                                                               00        
0330002300015J00039996551700000570831763111681704540096965001PELLEGRINO DISTR DE AUTOPECAS 1411201200000000005708300000000000000000000000000000014112012000000000057083000000000000000772                 900001064           09      00        
0330002300016Z70976E17D9E47EFDA1E7AFA                                         PGTFORNB14112012900001064                                                                                                                               00        
0330002300017J00039992551700000824368144664909404540096965001PELLEGRINO DISTR DE AUTOPECAS 1411201200000000008243600000000000000000000000000000014112012000000000082436000000000000000773                 900001065           09      00        
0330002300018Z70976E18B5484E75E335A17                                         PGTFORNB14112012900001065                                                                                                                               00        
0330002300019J00023791551700000438013484092289000016201129000PETRONAS LUBRIFICANTES BRASIL 1411201200000000004380100000000000000000000000000000014112012000000000043801000000000000000774                 900001066           09      00        
0330002300020Z70976E124D2CF119F06743B                                         PGTFORNB14112012900001066                                                                                                                               00        
0330002300021J00023794551700000309840151091323060009201251750PECA MAIS COM DE AUTOPECAS LTD1411201200000000003098400000000000000000000000000000014112012000000000030984000000000000000775                 900001067           09      00        
0330002300022Z70976E13EFF34124A107A3F                                         PGTFORNB14112012900001067                                                                                                                               00        
0330002300023J00034198551700000542001124911127390384625000000PECAS AUTOMOTIVAS ZEENE LTDA  1411201200000000005420000000000000000000000000000000014112012000000000054200000000000000000776                 900001068           09      00        
0330002300024Z70976E1E88306356A855971                                         PGTFORNB14112012900001068                                                                                                                               00        
0330002300025J00034191551700002481311125543475110191074004000POLIPECAS COML E IMP LTDA     1411201200000000024813100000000001736900000000000000014112012000000000230762000000000000000777                 900001069           09      00        
0330002300026Z70976E18FB95707C3CD3106                                         PGTFORNB14112012900001069                                                                                                                               00        
0330002300027J00034199551700000582601125543475450191074004000POLIPECAS COML E IMP LTDA     1411201200000000005826000000000000407800000000000000014112012000000000054182000000000000000778                 900001070           09      00        
0330002300028Z70976E1D1B85309B8B61673                                         PGTFORNB14112012900001070                                                                                                                               00        
0330002300029J00000191551700000500000441395014533260008018911T-PARTS COML E IMP DE AUTOPECA1411201200000000005000000000000000000000000000000000014112012000000000050000000000000000000779                 900001071           09      00        
0330002300030Z70976E11AB3930FFF9FDA69                                         PGTFORNB14112012900001071                                                                                                                               00        
0330002300031J00039997551700000033643512576000000035304831922RODONAVES TRANSP E ENCOMENDAS 1411201200000000000336400000000000000000000000000000014112012000000000003364000000000000000780                 900001072           09      00        
0330002300032Z70976E185C1B50A7ACE5666                                         PGTFORNB14112012900001072                                                                                                                               00        
0330002300033J00000199551700000000009946819946819900302948421SICAP SIND COM ATAC IMP EXP E 1411201200000000004000000000000000000000000000000000014112012000000000040000000000000000000781                 900001073           09      00        
0330002300034Z70976E1FAA09649CE9AB8C2                                         PGTFORNB14112012900001073                                                                                                                               00        
0330002300035J00000192551700000000009946819946819900302889321SICAP SIND COM ATAC IMP EXP E 1411201200000000004000000000000000000000000000000000014112012000000000040000000000000000000782                 900001074           09      00        
0330002300036Z70976E1CE4699FA2269ABAD                                         PGTFORNB14112012900001074                                                                                                                               00        
0330002300037J00000193551700000000009946819946819900302921921SICAP SIND COM ATAC IMP EXP E 1411201200000000004000000000000000000000000000000000014112012000000000040000000000000000000783                 900001075           09      00        
0330002300038Z70976E13A308C7A675B34DD                                         PGTFORNB14112012900001075                                                                                                                               00        
0330002300039J00023791551700001359901316090000008997300009000APS DISTR DE AUTOPECAS        1411201200000000013599000000000000000000000000000000014112012000000000135990000000000000000749                 900001043           09      00        
0330002300040Z70976E1C673DAD1C8F710A2                                         PGTFORNB14112012900001043                                                                                                                               00        
0330002300041J00039998551700000426871763083083411960078237001BAP AUTOMOTIVA LTDA           1411201200000000004268700000000000000000000000000000014112012000000000042687000000000000000750                 900001044           09      00        
0330002300042Z70976E197273F419465783D                                         PGTFORNB14112012900001044                                                                                                                               00        
0330002300043J00023791551700000556770495092234000028000995600CAOA CAMINHOES LTDA           1411201200000000005567700000000000000000000000000000014112012000000000055677000000000000000751                 900001045           09      00        
0330002300044Z70976E149E54DB2ECAD96B3                                         PGTFORNB14112012900001045                                                                                                                               00        
0330002300045J00034197551700000147201125112461110076000777000CENTER PECAS FABBRI LTDA      1411201200000000001472000000000000000000000000000000014112012000000000014720000000000000000752                 900001046           09      00        
0330002300046Z70976E1227C5575015DE499                                         PGTFORNB14112012900001046                                                                                                                               00        
0330002300047J00034195551700000357001125112460870076000777000CENTER PECAS FABBRI LTDA      1411201200000000003570000000000000000000000000000000014112012000000000035700000000000000000753                 900001047           09      00        
0330002300048Z70976E1E1413B63A2E55556                                         PGTFORNB14112012900001047                                                                                                                               00        
0330002300049J00034196551700000029501125112460610076000777000CENTER PECAS FABBRI LTDA      1411201200000000000295000000000000000000000000000000014112012000000000002950000000000000000754                 900001048           09      00        
0330002300050Z70976E15E475ADBF63774E0                                         PGTFORNB14112012900001048                                                                                                                               00        
0330002300051J00034199551700000055001125112461030076000777000CENTER PECAS FABBRI LTDA      1411201200000000000550000000000000000000000000000000014112012000000000005500000000000000000755                 900001049           09      00        
0330002300052Z70976E1EAE1D3AD185CA93A                                         PGTFORNB14112012900001049                                                                                                                               00        
0330002300053J00000194551700000526000000001748318000003597517DIP DISTR DE PECAS LTDA       1411201200000000005260000000000000000000000000000000014112012000000000052600000000000000000756                 900001050           09      00        
0330002300054Z70976E132F0314368538DBE                                         PGTFORNB14112012900001050                                                                                                                               00        
0330002300055J00000193551700010968760000001458137442172262031DISTRIBUIDORA BRASUL DE AUTOPE1411201200000000109687600000000000000000000000000000014112012000000001096876000000000000000757                 900001051           09      00        
0330002300056Z70976E17B8E3FCECF62B6EC                                         PGTFORNB14112012900001051                                                                                                                               00        
0330002300057J00000196551700001939400000001458137442172262231DISTRIBUIDORA BRASUL DE AUTOPE1411201200000000019394000000000000000000000000000000014112012000000000193940000000000000000758                 900001052           09      00        
0330002300058Z70976E1A60F4CB6B2A53232                                         PGTFORNB14112012900001052                                                                                                                               00        
0330002300059J00039992551700000860543005506651103430712744001DISTRIBUIDORA AUTOMOTIVA SA   1411201200000000008605400000000000000000000000000000014112012000000000086054000000000000000760                 900001053           09      00        
0330002300060Z70976E10A333F73547125E4                                         PGTFORNB14112012900001053                                                                                                                               00        
0330002300061J00039996551700000281683005506348203430712744001DISTRIBUIDORA AUTOMOTIVA SA   1411201200000000002816800000000000000000000000000000014112012000000000028168000000000000000761                 900001054           09      00        
0330002300062Z70976E1CEEDF15D86731334                                         PGTFORNB14112012900001054                                                                                                                               00        
0330002300063J00023794551700000395150138092263000003501453000OBB CONSULTORIA E PARTICIPACOE1411201200000000003951500000000000000000000000000000014112012000000000039515000000000000000762                 900001055           09      00        
0330002300064Z70976E1EB3278653FE443D9                                         PGTFORNB14112012900001055                                                                                                                               00        
0330002300065J00023791551700000272950138092284000003601370000BBL SISTEMAS OPERACIONAIS LTDA1411201200000000002729500000000000000000000000000000014112012000000000027295000000000000000763                 900001056           09      00        
0330002300066Z70976E1ECC9CD1FD7BFDF82                                         PGTFORNB14112012900001056                                                                                                                               00        
0330002300067J00034191551700001250961125493949742938017569000FRAS-LE SA                    1411201200000000012509600000000000000000000000000000014112012000000000125096000000000000000764                 900001057           09      00        
0330002300068Z70976E127735F7E0301B25F                                         PGTFORNB14112012900001057                                                                                                                               00        
03300025         000070000000000003706814000000000000000000311114                                                                                                                                                                               
03300031C2003031 2054375370001370033006500490028050300065 0000480000414 AUTO GERAL DE ITU LTDA                                                                              00000                                   00000000                    
0330003300001A00070039900454000000000575219TRELLEBORG AUTOMOTIVE DO BRASI784                 14112012BRL000000000000000000000000106970900001038           14112012000000000106970                                        07          000        
0330003300002B   203249921000180                              00000                                                  00000000  141120120000000001069700000000000000000000000000000000000000000000000000000000000000000                00        
0330003300003Z70976E18C88562E7BCE2552                                         PGTFORNB14112012900001038                                                                                                                               00        
03300035         000005000000000000106970000000000000000000031114                                                                                                                                                                               
03399999         000003000083000000                                                                                                                                                                                                             
