03300000         2054375370001370033006500490028050300065 0000480000414 AUTO GERAL DE ITU LTDA        SANTANDER                               20504201302335500031206000000                                                                     
03300011C2030030 2054375370001370033006500490028050300065 0000480000414 AUTO GERAL DE ITU LTDA                                                                              00000                                   00000000                    
0330001300001J00003396565900001333359513931700000104493020101DISTRIBUIDORA AUTOMOTIVA S.A. 05042013000000000133335000000000000000000000000000000050420130000000001333350000000000000005584                900005853           09      00        
0330001300002Z70976E1041C8690303F1A5E                                         PGTFORNB05042013900005853                                                                                                                               00        
0330001300003J00003398565900001059669499820000000000515000104KS PRODUTOS AUTOMOTIVOS LTDA  05042013000000000105966000000000000000000000000000000050420130000000001059660000000000000005592                900005854           09      00        
0330001300004Z70976E1D92AF22B65FA4912                                         PGTFORNB05042013900005854                                                                                                                               00        
0330001300005J00003397565900001256619489019100000092447000104KSPG AUTOMOTIVE BRASIL LTDA   05042013000000000125661000000000000000000000000000000050420130000000001256610000000000000005593                900005855           09      00        
0330001300006Z70976E1D036C4BD0EA0DB99                                         PGTFORNB05042013900005855                                                                                                                               00        
0330001300007J00003392565900000114519121618000000004572800203TARANTO COML IMP E EXP        05042013000000000011451000000000000000000000000000000050420130000000000114510000000000000005607                900005856           09      00        
0330001300008Z70976E18B72A82D8A2DF41A                                         PGTFORNB05042013900005856                                                                                                                               00        
0330001300009J00003399565900006023469121618000000004572990203TARANTO COML IMP E EXP        05042013000000000602346000000000000000000000000000000050420130000000006023460000000000000005608                900005857           09      00        
0330001300010Z70976E11FD80F77DEBDCF7D                                         PGTFORNB05042013900005857                                                                                                                               00        
0330001300011J00003392565900017247459121618000000004573020203TARANTO COML IMP E EXP        05042013000000001724745000000000000000000000000000000050420130000000017247450000000000000005609                900005858           09      00        
0330001300012Z70976E19946106D906C079D                                         PGTFORNB05042013900005858                                                                                                                               00        
03300015         000014000000000002703504000000000000000000300405                                                                                                                                                                               
03300021C2031030 2054375370001370033006500490028050300065 0000480000414 AUTO GERAL DE ITU LTDA                                                                              00000                                   00000000                    
0330002300001J00034195565900000323361090002108690137627725000ALENAN COML DE PECAS E ACS LTD05042013000000000032336000000000000000000000000000000050420130000000000323360000000000000005570                900005859           09      00        
0330002300002Z70976E147AD33033A4DB0F3                                         PGTFORNB05042013900005859                                                                                                                               00        
0330002300003J00034196565900000105431090304737800109276204000GIRANDO COMERCIO DE PECAS LTDA05042013000000000010543000000000000000000000000000000050420130000000000105430000000000000005590                900005878           09      00        
0330002300004Z70976E13B7B87D687D19788                                         PGTFORNB05042013900005878                                                                                                                               00        
0330002300005J00034193565900000423041090000224960242411544000GLOBAL FLEX IMPRESS FLEX LTDA 05042013000000000042304000000000000000000000000000000050420130000000000423040000000000000005591                900005879           09      00        
0330002300006Z70976E1A0CDAF00DE581D98                                         PGTFORNB05042013900005879                                                                                                                               00        
0330002300007J00034191565900000215411572227199910164453771000MARCO ANTONIO CHIOVETTO ME    05042013000000000021541000000000000000000000000000000050420130000000000215410000000000000005594                900005880           09      00        
0330002300008Z70976E1B47B180CB8692F7C                                         PGTFORNB05042013900005880                                                                                                                               00        
0330002300009J00000192565900011958290000001512535000001027517MODEFER INDUSTRIA DE AUTO PECA05042013000000001195829000000000000000000000000000000050420130000000011958290000000000000005595                900005881           09      00        
0330002300010Z70976E1AD630C32579146D0                                         PGTFORNB05042013900005881                                                                                                                               00        
0330002300011J00023798565900000459093394090000016650200324600MORELATE DISTRIBUIDORA DE AUTO05042013000000000045909000000000000000000000000000000050420130000000000459090000000000000005596                900005882           09      00        
0330002300012Z70976E1D23048E7A7F3F273                                         PGTFORNB05042013900005882                                                                                                                               00        
0330002300013J00023793565900001312373394090000018353000324600MORELATE DISTRIBUIDORA DE AUTO05042013000000000131237000000000000000000000000000000050420130000000001312370000000000000005597                900005883           09      00        
0330002300014Z70976E1664F877A62FC2DE0                                         PGTFORNB05042013900005883                                                                                                                               00        
0330002300015J00034193565900000310991128220318486676980086000NOVA DISTRIBUIDORA DE VEICULOS05042013000000000031099000000000000000000000000000000050420130000000000310990000000000000005598                900005884           09      00        
0330002300016Z70976E16B696D49E65462FB                                         PGTFORNB05042013900005884                                                                                                                               00        
0330002300017J00023796565900000622302500090256575098400000340ODAPEL DISTRIBUIDORA DE AUTO P05042013000000000062230000000000000000000000000000000050420130000000000622300000000000000005599                900005885           09      00        
0330002300018Z70976E1475B763FF2018D66                                         PGTFORNB05042013900005885                                                                                                                               00        
0330002300019J00023791565900001689000151091330810076001251750PECA MAIS COMERCIO DE AUTO PEC05042013000000000168900000000000000000000000000000000050420130000000001689000000000000000005600                900005886           09      00        
0330002300020Z70976E1B38C688554C28417                                         PGTFORNB05042013900005886                                                                                                                               00        
0330002300021J00023791565900000337951741093066000007500445740PECAS AUTOMOTIVAS ZEENE LTDA  05042013000000000033795000000000000000000000000000000050420130000000000337950000000000000005601                900005887           09      00        
0330002300022Z70976E1EC5D195D7A614854                                         PGTFORNB05042013900005887                                                                                                                               00        
0330002300023J00039991565900000589168144671960204540096965001PELLEGRINO DISTRIBUIDORA DE AU05042013000000000058916000000000000000000000000000000050420130000000000589160000000000000005602                900005888           09      00        
0330002300024Z70976E15076A64E96000B89                                         PGTFORNB05042013900005888                                                                                                                               00        
0330002300025J00039995565900000701092696559202304540096965001PELLEGRINO DISTRIBUIDORA DE AU05042013000000000070109000000000000000000000000000000050420130000000000701090000000000000005603                900005889           09      00        
0330002300026Z70976E1EA3CEDB01ED4C805                                         PGTFORNB05042013900005889                                                                                                                               00        
0330002300027J00034191565900001052501127464903286238015991000POLI FILTRO IND E COMERCIO LTD05042013000000000105250000000000000000000000000000000050420130000000001052500000000000000005604                900005890           09      00        
0330002300028Z70976E117A73F3964B2D6B8                                         PGTFORNB05042013900005890                                                                                                                               00        
0330002300029J00039997565900000683252995121567605313093513001REAL MOTO PECAS LTDA          05042013000000000068325000000000000000000000000000000050420130000000000683250000000000000005605                900005891           09      00        
0330002300030Z70976E16192B757CCA2BA7A                                         PGTFORNB05042013900005891                                                                                                                               00        
0330002300031J00039995565900001744642995120786005313093513001REAL MOTO PECAS LTDA          05042013000000000174464000000000000000000000000000000050420130000000001744640000000000000005606                900005892           09      00        
0330002300032Z70976E1BA59A604902D1529                                         PGTFORNB05042013900005892                                                                                                                               00        
0330002300033J00023796565900000233341998190000013011600503970VANUCCI IMPORTACAO EXPORT. E C05042013000000000023334000000000000000000000000000000050420130000000000233340000000000000005610                900005893           09      00        
0330002300034Z70976E1A6F2B3DFE7EDE490                                         PGTFORNB05042013900005893                                                                                                                               00        
0330002300035J00039999565900000082051771310589904540079149001BANCO SOFISA SA               05042013000000000008205000000000000000000000000000000050420130000000000082050000000000000005611                900005894           09      00        
0330002300036Z70976E100E7B4AFF3512A8B                                         PGTFORNB05042013900005894                                                                                                                               00        
0330002300037J00039996565900000434131771310590204540079149001BANCO SOFISA SA               05042013000000000043413000000000000000000000000000000050420130000000000434130000000000000005612                900005895           09      00        
0330002300038Z70976E186B6E59F46BF6ED7                                         PGTFORNB05042013900005895                                                                                                                               00        
0330002300039J00034191565900000357351129719390640249809195000DRIVEWAY INDUSTRIA BRASILEIRA 05042013000000000035735000000000000000000000000000000050420130000000000357350000000000000005586                900005874           09      00        
0330002300040Z70976E1592164794327D199                                         PGTFORNB05042013900005874                                                                                                                               00        
0330002300041J00034191565900000261701129158547342938000052000EATON LTDA                    05042013000000000026170000000000000000000000000000000050420130000000000261700000000000000005587                900005875           09      00        
0330002300042Z70976E1BB9292C85BA5A5FA                                         PGTFORNB05042013900005875                                                                                                                               00        
0330002300043J00034197565900001721711129134984502938107808000ELIVEL AUTOMOTORES LTDA       05042013000000000172171000000000000000000000000000000050420130000000001721710000000000000005588                900005876           09      00        
0330002300044Z70976E1214750808AC4EA08                                         PGTFORNB05042013900005876                                                                                                                               00        
0330002300045J00034192565900000182191090304737980109276204000GIRANDO COMERCIO DE PECAS LTDA05042013000000000018219000000000000000000000000000000050420130000000000182190000000000000005589                900005877           09      00        
0330002300046Z70976E1A58E9A1D065AD7E3                                         PGTFORNB05042013900005877                                                                                                                               00        
0330002300047J00023795565900000222073371090000833992500719500AVEBRAZ COMERCIO DE VEICULOS E05042013000000000022207000000000000000000000000000000050420130000000000222070000000000000005571                900005860           09      00        
0330002300048Z70976E1DB3A60E7E0A1DFED                                         PGTFORNB05042013900005860                                                                                                                               00        
0330002300049J00034191565900000413001128200527621248021303000BANCO FIBRA SA                05042013000000000041300000000000000000000000000000000050420130000000000413000000000000000005572                900005861           09      00        
0330002300050Z70976E1829A1399CA135D51                                         PGTFORNB05042013900005861                                                                                                                               00        
0330002300051J00034196565900000846001128366734031248021303000BANCO FIBRA SA                05042013000000000084600000000000000000000000000000000050420130000000000846000000000000000005573                900005862           09      00        
0330002300052Z70976E1F9D61C3F4142BA96                                         PGTFORNB05042013900005862                                                                                                                               00        
0330002300053J00023791565900001703003114091340207498001763000BANCO SAFRA S/A               05042013000000000170300000000000000000000000000000000050420130000000001703000000000000000005574                900005863           09      00        
0330002300054Z70976E168F19115A07B2FEE                                         PGTFORNB05042013900005863                                                                                                                               00        
0330002300055J00039991565900000489011770574467004061860231001CAR CENTRAL DE AUTOPECAS E ROL05042013000000000048901000000000000000000000000000000050420130000000000489010000000000000005575                900005864           09      00        
0330002300056Z70976E1FC01A96ADABDA006                                         PGTFORNB05042013900005864                                                                                                                               00        
0330002300057J00039992565900000193921770574511004061860231001CAR CENTRAL DE AUTOPECAS E ROL05042013000000000019392000000000000000000000000000000050420130000000000193920000000000000005576                900005865           09      00        
0330002300058Z70976E1685D7503AD8F2F07                                         PGTFORNB05042013900005865                                                                                                                               00        
0330002300059J00000193565900012061440445607123432220000580031CENTAURO IND E COMERCIO LTDA  05042013000000001206144000000000000000000000000000000050420130000000012061440000000000000005577                900005866           09      00        
0330002300060Z70976E18183FA3CCA22E9EC                                         PGTFORNB05042013900005866                                                                                                                               00        
0330002300061J00034191565900000247001129128286990076000777000CENTER PECAS FABBRI LTDA      05042013000000000024700000000000000000000000000000000050420130000000000247000000000000000005578                900005867           09      00        
0330002300062Z70976E11EC757E3240C62A1                                         PGTFORNB05042013900005867                                                                                                                               00        
0330002300063J00039991565900000963671771082745102680075859001COBRA ROLAMENTOS E AUTO PECAS 05042013000000000096367000000000000000000000000000000050420130000000000963670000000000000005579                900005868           09      00        
0330002300064Z70976E1DC6E3EDF99DC6540                                         PGTFORNB05042013900005868                                                                                                                               00        
0330002300065J00039992565900000120061771082785002680075859001COBRA ROLAMENTOS E AUTO PECAS 05042013000000000012006000000000000000000000000000000050420130000000000120060000000000000005580                900005869           09      00        
0330002300066Z70976E1A21008720E96F78E                                         PGTFORNB05042013900005869                                                                                                                               00        
0330002300067J00039993565900000518383200088148003436080189001COFIPE VEICULOS LTDA          05042013000000000051838000000000000000000000000000000050420130000000000518380000000000000005581                900005870           09      00        
0330002300068Z70976E1AEB51E2D529F234E                                         PGTFORNB05042013900005870                                                                                                                               00        
0330002300069J00000191565900001776500000001323739445060831411BANCO COOPERATIVO DO BRASIL SA05042013000000000177650000000000000000000000000000000050420130000000001776500000000000000005582                900005871           09      00        
0330002300070Z70976E16EF27D738DD31425                                         PGTFORNB05042013900005871                                                                                                                               00        
0330002300071J00023796565900007055550285093086000002200943470DISTRIBUIDORA BRASUL DE AUTOPE05042013000000000705555000000000000000000000000000000050420130000000007055550000000000000005583                900005872           09      00        
0330002300072Z70976E19C23A18C8861A07D                                         PGTFORNB05042013900005872                                                                                                                               00        
0330002300073J00034192565900017847901129719390720249809195000DRIVEWAY INDUSTRIA BRASILEIRA 05042013000000001784790000000000000000000000000000000050420130000000017847900000000000000005585                900005873           09      00        
0330002300074Z70976E1DC6F8BCDC25F2075                                         PGTFORNB05042013900005873                                                                                                                               00        
03300025         000076000000000007025784000000000000000000310405                                                                                                                                                                               
03300031C2003031 2054375370001370033006500490028050300065 0000480000414 AUTO GERAL DE ITU LTDA                                                                              00000                                   00000000                    
0330003300001A0007002370036400000000335762 PORTO BORRACHAS DISTRIBUIDORA 5619                05042013BRL000000000000000000000000069465900005852           05042013000000000069465                                        07          000        
0330003300002B   208882352000120                              00000                                                  00000000  050420130000000000694650000000000000000000000000000000000000000000000000000000000000000                00        
0330003300003Z70976E156EC9C70E20CD703                                         PGTFORNB05042013900005852                                                                                                                               00        
03300035         000005000000000000069465000000000000000000030405                                                                                                                                                                               
03399999         000003000097000000                                                                                                                                                                                                             
