03300000         2054375370001370033006500490028050300065 0000480000414 AUTO GERAL DE ITU LTDA        SANTANDER                               22211201210260500005506000000                                                                     
03300011C2011030 2054375370001370033006500490028050300065 0000480000414 AUTO GERAL DE ITU LTDA                                                                              00000                                   00000000                    
0330001300001O00083620000011119701103002121731880210018467784CIA PIRATININGA DE FORCA E LUZ22112012221120120000000001111971057                900001347                                                                               00        
0330001300002Z70976E189D6DC88C282843A                                         PGTFORNB22112012900001347                                                                                                                               00        
03300015         000004000000000000111197000000000000000000111122                                                                                                                                                                               
03399999         000001000006000000                                                                                                                                                                                                             
