03300000         2054375370001370033006500490028050300065 0000480000414 AUTO GERAL DE ITU LTDA        SANTANDER                               22201201302150400017406000000                                                                     
03300011C2030030 2054375370001370033006500490028050300065 0000480000414 AUTO GERAL DE ITU LTDA                                                                              00000                                   00000000                    
0330001300001J00035698558600000433780689070323490000004898262DISTRIBUIDORA AUTOMOTIVA S/A  22012013000000000043378000000000000000000000000000000220120130000000000433780000000000000003141                900003425           09      00        
0330001300002Z70976E191E0C133EFCB9BDE                                         PGTFORNB22012013900003425                                                                                                                               00        
0330001300003J00035699558600000192520689070323470000004898470DISTRIBUIDORA AUTOMOTIVA S/A  22012013000000000019252000000000000000000000000000000220120130000000000192520000000000000003142                900003426           09      00        
0330001300004Z70976E1BDB62D4E55A53C57                                         PGTFORNB22012013900003426                                                                                                                               00        
03300015         000006000000000000062630000000000000000000300122                                                                                                                                                                               
03300021C2031030 2054375370001370033006500490028050300065 0000480000414 AUTO GERAL DE ITU LTDA                                                                              00000                                   00000000                    
0330002300001J00034196558600000293781126425760632938000052000EATON LTDA                    22012013000000000029378000000000000000000000000000000220120130000000000293780000000000000003143                900003427           09      00        
0330002300002Z70976E1882A62E05403E876                                         PGTFORNB22012013900003427                                                                                                                               00        
0330002300003J00034194558600000196061127464873810191074004000POLIPECAS COMERCIAL E IMPORTAD22012013000000000019606000000000001372000000000000000220120130000000000182340000000000000003151                900003435           09      00        
0330002300004Z70976E1FB8BD33E042AE9EB                                         PGTFORNB22012013900003435                                                                                                                               00        
0330002300005J00034191558600003057011127464873990191074004000POLIPECAS COMERCIAL E IMPORTAD22012013000000000305701000000000021399000000000000000220120130000000002843020000000000000003152                900003436           09      00        
0330002300006Z70976E14E0E98693FE2DE8F                                         PGTFORNB22012013900003436                                                                                                                               00        
0330002300007J00039992558600000316752315368343305313093513001REAL MOTO PECAS LTDA          22012013000000000031675000000000000000000000000000000220120130000000000316750000000000000003153                900003437           09      00        
0330002300008Z70976E11FA92F9AAF32D669                                         PGTFORNB22012013900003437                                                                                                                               00        
0330002300009J00039993558600000273942315366927905313093513001REAL MOTO PECAS LTDA          22012013000000000027394000000000000000000000000000000220120130000000000273940000000000000003154                900003438           09      00        
0330002300010Z70976E10AFE25351987904D                                         PGTFORNB22012013900003438                                                                                                                               00        
0330002300011J00039994558600001411562315383401605313093513001REAL MOTO PECAS LTDA          22012013000000000141156000000000000000000000000000000220120130000000001411560000000000000003155                900003439           09      00        
0330002300012Z70976E1254C0140ECB314F6                                         PGTFORNB22012013900003439                                                                                                                               00        
0330002300013J00039998558600001729432315362916105313093513001REAL MOTO PECAS LTDA          22012013000000000172943000000000000000000000000000000220120130000000001729430000000000000003156                900003440           09      00        
0330002300014Z70976E173863E458E9F80E4                                         PGTFORNB22012013900003440                                                                                                                               00        
0330002300015J00039999558600000878682315361065705313093513001REAL MOTO PECAS LTDA          22012013000000000087868000000000000000000000000000000220120130000000000878680000000000000003157                900003441           09      00        
0330002300016Z70976E13CF974F436E4FA1C                                         PGTFORNB22012013900003441                                                                                                                               00        
0330002300017J00039992558600000554952315383339705313093513001REAL MOTO PECAS LTDA          22012013000000000055495000000000000000000000000000000220120130000000000554950000000000000003158                900003442           09      00        
0330002300018Z70976E17A65A92C266E39AB                                         PGTFORNB22012013900003442                                                                                                                               00        
0330002300019J00000196558600000959880000002175416000003096517SK AUTOMOTIVE S/A DISTR AUTOPE22012013000000000095988000000000000000000000000000000220120130000000000959880000000000000003159                900003443           09      00        
0330002300020Z70976E15D72DD1E56C7FF51                                         PGTFORNB22012013900003443                                                                                                                               00        
0330002300021J00023797558600000631764130074130005850000050880SOUZA RAMOS COM E IMP LTDA    22012013000000000063176000000000000000000000000000000220120130000000000631760000000000000003160                900003444           09      00        
0330002300022Z70976E1CA2945A5C21B3903                                         PGTFORNB22012013900003444                                                                                                                               00        
0330002300023J00023797558600000265240545090000031619000705060TONINI DISTRIBUIDORA LTDA     22012013000000000026524000000000000000000000000000000220120130000000000265240000000000000003161                900003445           09      00        
0330002300024Z70976E18C90385D0BA6272D                                         PGTFORNB22012013900003445                                                                                                                               00        
0330002300025J00034191558600002100001127357742868513014608000SATTURNO SOROCABA TELEFONIA LT22012013000000000210000000000000000000000000000000000220120130000000002100000000000000000003165                900003446           09      00        
0330002300026Z70976E1FE4E380180881446                                         PGTFORNB22012013900003446                                                                                                                               00        
0330002300027J00000191558600000414350000001011760000003914818COMPEL DISTR E COM DE AUTO PEC22012013000000000041435000000000000000000000000000000220120130000000000414350000000000000003138                900003422           09      00        
0330002300028Z70976E107C5279800EA0C54                                         PGTFORNB22012013900003422                                                                                                                               00        
0330002300029J00034195558600000245741127177515832938036635000DAYCO POWER TRANSMISSION      22012013000000000024574000000000000000000000000000000220120130000000000245740000000000000003139                900003423           09      00        
0330002300030Z70976E16EE14B57227487C4                                         PGTFORNB22012013900003423                                                                                                                               00        
0330002300031J00023791558600001043543395001300005725100086350DECAR AUTOPECAS LTDA          22012013000000000104354000000000000000000000000000000220120130000000001043540000000000000003140                900003424           09      00        
0330002300032Z70976E1DC3FEB318C4813F4                                         PGTFORNB22012013900003424                                                                                                                               00        
0330002300033J00034196558600000212971126878935482938000052000EATON LTDA                    22012013000000000021297000000000000000000000000000000220120130000000000212970000000000000003144                900003428           09      00        
0330002300034Z70976E137283EBFD5CB5B4D                                         PGTFORNB22012013900003428                                                                                                                               00        
0330002300035J00034191558600000210151126878935062938000052000EATON LTDA                    22012013000000000021015000000000000000000000000000000220120130000000000210150000000000000003145                900003429           09      00        
0330002300036Z70976E13DFDB0E6FE2C24FF                                         PGTFORNB22012013900003429                                                                                                                               00        
0330002300037J00023793558600000398302622092299000008900970050ABSOLUTA DISTR DE AUTOMOVEIS L22012013000000000039830000000000000000000000000000000220120130000000000398300000000000000003130                900003414           09      00        
0330002300038Z70976E1FC131B62842C2984                                         PGTFORNB22012013900003414                                                                                                                               00        
0330002300039J00023793558600004711350329192349000012100024120AD PAPEIS LTDA                22012013000000000471135000000000000000000000000000000220120130000000004711350000000000000003131                900003415           09      00        
0330002300040Z70976E17361D476DEBA372B                                         PGTFORNB22012013900003415                                                                                                                               00        
0330002300041J00039991558600001453571767051133211960078237001BAP AUTOMOTIVA LTDA           22012013000000000145357000000000000000000000000000000220120130000000001453570000000000000003132                900003416           09      00        
0330002300042Z70976E15749F86DC441D295                                         PGTFORNB22012013900003416                                                                                                                               00        
0330002300043J00000191558600000309891823850556029130010401917CAMPINAS DIESEL LTDA          22012013000000000030989000000000000000000000000000000220120130000000000309890000000000000003133                900003417           09      00        
0330002300044Z70976E19AB021D320B85E86                                         PGTFORNB22012013900003417                                                                                                                               00        
0330002300045J00023795558600000365350495092331000040000995600CAOA CAMINHOES LTDA           22012013000000000036535000000000000000000000000000000220120130000000000365350000000000000003134                900003418           09      00        
0330002300046Z70976E1D71D986F93227C1F                                         PGTFORNB22012013900003418                                                                                                                               00        
0330002300047J00039991558600000137111767057233104061860231001CAR CENTRAL DE AUTOPECAS E ROL22012013000000000013711000000000000000000000000000000220120130000000000137110000000000000003135                900003419           09      00        
0330002300048Z70976E162ED36087D6D95CA                                         PGTFORNB22012013900003419                                                                                                                               00        
0330002300049J00023794558600000334663262090000033653300935470COMDIP COMERCIAL DISTR DE PECA22012013000000000033466000000000000000000000000000000220120130000000000334660000000000000003136                900003420           09      00        
0330002300050Z70976E181A337AC245C9E56                                         PGTFORNB22012013900003420                                                                                                                               00        
0330002300051J00023793558600000615203262090000033640900935470COMDIP COMERCIAL DISTR DE PECA22012013000000000061520000000000000000000000000000000220120130000000000615200000000000000003137                900003421           09      00        
0330002300052Z70976E189BF509D8F30E303                                         PGTFORNB22012013900003421                                                                                                                               00        
0330002300053J00034194558600000204901090304343600109276204000GIRANDO COMERCIO DE PECAS LTDA22012013000000000020490000000000000000000000000000000220120130000000000204900000000000000003146                900003430           09      00        
0330002300054Z70976E1FAEA6E31373C3D68                                         PGTFORNB22012013900003430                                                                                                                               00        
0330002300055J00034192558600000483331090008617132938050420000ITA PECAS PARA VEIC COM E SERV22012013000000000048333000000000000000000000000000000220120130000000000483330000000000000003147                900003431           09      00        
0330002300056Z70976E1C0FACEC923FC8F6B                                         PGTFORNB22012013900003431                                                                                                                               00        
0330002300057J00034199558600000495501571283197990844026708000IND MECANICA LANGER LTDA      22012013000000000049550000000000000000000000000000000220120130000000000495500000000000000003148                900003432           09      00        
0330002300058Z70976E1E7CC5C0B856C2C94                                         PGTFORNB22012013900003432                                                                                                                               00        
0330002300059J00000196558600000394390000001216979442731708731NOVA DISTRIBUIDORA DE VEICULOS22012013000000000039439000000000000000000000000000000220120130000000000394390000000000000003149                900003433           09      00        
0330002300060Z70976E1B63235009D386EF0                                         PGTFORNB22012013900003433                                                                                                                               00        
0330002300061J00034193558600001764601127464873730191074004000POLIPECAS COMERCIAL E IMPORTAD22012013000000000176460000000000012352000000000000000220120130000000001641080000000000000003150                900003434           09      00        
0330002300062Z70976E177FD042831E9917E                                         PGTFORNB22012013900003434                                                                                                                               00        
03300025         000064000000000002611271000000000000000000310122                                                                                                                                                                               
03300031C2003031 2054375370001370033006500490028050300065 0000480000414 AUTO GERAL DE ITU LTDA                                                                              00000                                   00000000                    
0330003300001A0007000010154660000002050374 GERAL PARTS COM PECAS E ABRASI3162                22012013BRL000000000000000000000000020987900003412           22012013000000000020987                                        07          000        
0330003300002B   252472438000176                              00000                                                  00000000  220120130000000000209870000000000000000000000000000000000000000000000000000000000000000                00        
0330003300003Z70976E1AE51441A87274555                                         PGTFORNB22012013900003412                                                                                                                               00        
03300035         000005000000000000020987000000000000000000030122                                                                                                                                                                               
03399999         000003000077000000                                                                                                                                                                                                             
