03300000         2054375370001370033006500490028050300065 0000480000414 AUTO GERAL DE ITU LTDA        SANTANDER                               21104201302184200032306000000                                                                     
03300011C2030030 2054375370001370033006500490028050300065 0000480000414 AUTO GERAL DE ITU LTDA                                                                              00000                                   00000000                    
0330001300001J00003391566500003224689482966200000029424370104CAR CENTRAL DE AUTOPECAS E ROL11042013000000000322468000000000000000000000000000000110420130000000003224680000000000000005803                900006079           09      00        
0330001300002Z70976E1ADD2CCE716B0020D                                         PGTFORNB11042013900006079                                                                                                                               00        
0330001300003J00003399566500007029789472544100000001164400104CINPAL CIA IND DE PECAS P/ AUT11042013000000000702978000000000000000000000000000000110420130000000007029780000000000000005806                900006080           09      00        
0330001300004Z70976E1FB8BC35FCB342DFB                                         PGTFORNB11042013900006080                                                                                                                               00        
0330001300005J00003391566500000613659492147000000000590800104J FREITAS COM IMP E EXP LTDA  11042013000000000061365000000000000000000000000000000110420130000000000613650000000000000005819                900006081           09      00        
0330001300006Z70976E1F449C64F271CDDC4                                         PGTFORNB11042013900006081                                                                                                                               00        
03300015         000008000000000001086811000000000000000000300411                                                                                                                                                                               
03300021C2031030 2054375370001370033006500490028050300065 0000480000414 AUTO GERAL DE ITU LTDA                                                                              00000                                   00000000                    
0330002300001J00039997566500006933041771878319411960078237001BAP AUTOMOTIVA LTDA           11042013000000000693304000000000000000000000000000000110420130000000006933040000000000000005796                900006082           09      00        
0330002300002Z70976E1E213E38E50A447B4                                         PGTFORNB11042013900006082                                                                                                                               00        
0330002300003J00039995566500001076278144672249204540096965001PELLEGRINO DISTRIBUIDORA DE AU11042013000000000107627000000000000000000000000000000110420130000000001076270000000000000005845                900006127           09      00        
0330002300004Z70976E116E97BF0B646F0FB                                         PGTFORNB11042013900006127                                                                                                                               00        
0330002300005J00039991566500000729952696560129404540096965001PELLEGRINO DISTRIBUIDORA DE AU11042013000000000072995000000000000000000000000000000110420130000000000729950000000000000005846                900006128           09      00        
0330002300006Z70976E1FB3CF4A15313C6B6                                         PGTFORNB11042013900006128                                                                                                                               00        
0330002300007J00039996566500000572732696560135904540096965001PELLEGRINO DISTRIBUIDORA DE AU11042013000000000057273000000000000000000000000000000110420130000000000572730000000000000005847                900006129           09      00        
0330002300008Z70976E1BE4B1505F69E2604                                         PGTFORNB11042013900006129                                                                                                                               00        
0330002300009J00023792566500000657133484093045000021001129000PETRONAS LUBRIFICANTES BRASIL 11042013000000000065713000000000000000000000000000000110420130000000000657130000000000000005848                900006130           09      00        
0330002300010Z70976E1C3472421EC3ECB6A                                         PGTFORNB11042013900006130                                                                                                                               00        
0330002300011J00023791566500000117213484093057000053701129000PETRONAS LUBRIFICANTES BRASIL 11042013000000000011721000000000000000000000000000000110420130000000000117210000000000000005849                900006131           09      00        
0330002300012Z70976E19E15E20B1ECC5924                                         PGTFORNB11042013900006131                                                                                                                               00        
0330002300013J00034191566500002553701129819878140191074004000POLIPECAS COMERCIAL E IMPORTAD11042013000000000255370000000000017876000000000000000110420130000000002374940000000000000005850                900006132           09      00        
0330002300014Z70976E1EB72EF9471DCBD2A                                         PGTFORNB11042013900006132                                                                                                                               00        
0330002300015J00023792566500000592553684190000021049700673000POLIPECAS DISTRIBUIDORA AUTOMO11042013000000000059255000000000000000000000000000000110420130000000000592550000000000000005851                900006133           09      00        
0330002300016Z70976E1BE6504F186DDD33E                                         PGTFORNB11042013900006133                                                                                                                               00        
0330002300017J00023794566500000826983684190000021051400673000POLIPECAS DISTRIBUIDORA AUTOMO11042013000000000082698000000000000000000000000000000110420130000000000826980000000000000005852                900006134           09      00        
0330002300018Z70976E1FA2133F572E5BD10                                         PGTFORNB11042013900006134                                                                                                                               00        
0330002300019J00039991566500000683392995130522505313093513001REAL MOTO PECAS LTDA          11042013000000000068339000000000000000000000000000000110420130000000000683390000000000000005853                900006135           09      00        
0330002300020Z70976E139218E515C1D4FA2                                         PGTFORNB11042013900006135                                                                                                                               00        
0330002300021J00039998566500001110592995130721005313093513001REAL MOTO PECAS LTDA          11042013000000000111059000000000000000000000000000000110420130000000001110590000000000000005854                900006136           09      00        
0330002300022Z70976E19B7E9E97D9B02870                                         PGTFORNB11042013900006136                                                                                                                               00        
0330002300023J00023796566500000160002857091330710732200000320RIO PARDO COMERCIAL E DISTRIBU11042013000000000016000000000000000000000000000000000110420130000000000160000000000000000005855                900006137           09      00        
0330002300024Z70976E10F0251A92FB38D15                                         PGTFORNB11042013900006137                                                                                                                               00        
0330002300025J00000196566500001316700000001451450000038651117SK AUTOMOTIVE S/A DISTR AUTOPE11042013000000000131670000000000000000000000000000000110420130000000001316700000000000000005856                900006138           09      00        
0330002300026Z70976E16DD4E414D83EA0A1                                         PGTFORNB11042013900006138                                                                                                                               00        
0330002300027J00000191566500002289880000002175416000003790517SK AUTOMOTIVE S/A DISTR AUTOPE11042013000000000228988000000000000000000000000000000110420130000000002289880000000000000005857                900006139           09      00        
0330002300028Z70976E1C2EA920DF01F69AA                                         PGTFORNB11042013900006139                                                                                                                               00        
0330002300029J00000197566500000447260000002175416000003790917SK AUTOMOTIVE S/A DISTR AUTOPE11042013000000000044726000000000000000000000000000000110420130000000000447260000000000000005858                900006140           09      00        
0330002300030Z70976E19137E90834BAFD7B                                         PGTFORNB11042013900006140                                                                                                                               00        
0330002300031J00000191566500008673340000002175416000003793817SK AUTOMOTIVE S/A DISTR AUTOPE11042013000000000867334000000000000000000000000000000110420130000000008673340000000000000005859                900006141           09      00        
0330002300032Z70976E1F5A73FB8E50997C6                                         PGTFORNB11042013900006141                                                                                                                               00        
0330002300033J00000196566500001430590000002175416000003790417SK AUTOMOTIVE S/A DISTR AUTOPE11042013000000000143059000000000000000000000000000000110420130000000001430590000000000000005860                900006142           09      00        
0330002300034Z70976E15ADD79EE4BFFE25A                                         PGTFORNB11042013900006142                                                                                                                               00        
0330002300035J00000192566500000540960000001538838000015069217SK AUTOMOTIVE S/A DISTR AUTOPE11042013000000000054096000000000000000000000000000000110420130000000000540960000000000000005861                900006143           09      00        
0330002300036Z70976E1B5E1AECCE41FB784                                         PGTFORNB11042013900006143                                                                                                                               00        
0330002300037J00000199566500000803400000001538838000015069417SK AUTOMOTIVE S/A DISTR AUTOPE11042013000000000080340000000000000000000000000000000110420130000000000803400000000000000005862                900006144           09      00        
0330002300038Z70976E1292ADD722DB41C7C                                         PGTFORNB11042013900006144                                                                                                                               00        
0330002300039J00000197566500000991100000001538838000015069317SK AUTOMOTIVE S/A DISTR AUTOPE11042013000000000099110000000000000000000000000000000110420130000000000991100000000000000005863                900006145           09      00        
0330002300040Z70976E18240B86479F85CC0                                         PGTFORNB11042013900006145                                                                                                                               00        
0330002300041J00023795566500000321520545090000033974900705060TONINI DISTRIBUIDORA LTDA     11042013000000000032152000000000000000000000000000000110420130000000000321520000000000000005864                900006146           09      00        
0330002300042Z70976E176FD31B0006873B9                                         PGTFORNB11042013900006146                                                                                                                               00        
0330002300043J00034191566500003358461129797587143184122228000UNIVERSAL AUTOMOTIVE SYSTEMS S11042013000000000335846000000000000000000000000000000110420130000000003358460000000000000005865                900006147           09      00        
0330002300044Z70976E166F3911FE2247ABE                                         PGTFORNB11042013900006147                                                                                                                               00        
0330002300045J00034199566500011496681129797587063184122228000UNIVERSAL AUTOMOTIVE SYSTEMS S11042013000000001149668000000000000000000000000000000110420130000000011496680000000000000005866                900006148           09      00        
0330002300046Z70976E1939F1F38E6963BAA                                         PGTFORNB11042013900006148                                                                                                                               00        
0330002300047J00000195566500000111700000001555704202000139417VIRTUAL EXPRESS TRANSPORTES E 11042013000000000011170000000000000000000000000000000110420130000000000111700000000000000005867                900006149           09      00        
0330002300048Z70976E140924EBAD6D5598B                                         PGTFORNB11042013900006149                                                                                                                               00        
0330002300049J00023792566500001433902002061301420953100829680COMERCIAL AUTOMOTIVA S.A.     11042013000000000143390000000000000000000000000000000110420130000000001433900000000000000005809                900006093           09      00        
0330002300050Z70976E1FB053C1A62D45637                                         PGTFORNB11042013900006093                                                                                                                               00        
0330002300051J00000192566500000358661931721546126590040800017PIRELLI PNEUS S.A             11042013000000000035866000000000000000000000000000000110420130000000000358660000000000000005810                900006094           09      00        
0330002300052Z70976E1E5106E7BC85986F9                                         PGTFORNB11042013900006094                                                                                                                               00        
0330002300053J00000193566500000122960000002101041445883113811DECAL LINE COM PREST SERV SILK11042013000000000012296000000000000000000000000000000110420130000000000122960000000000000005811                900006095           09      00        
0330002300054Z70976E10AFB1C6103F01056                                         PGTFORNB11042013900006095                                                                                                                               00        
0330002300055J00023793566500007018290285093093000005100943470DISTRIBUIDORA AUTOMOTIVA S.A. 11042013000000000701829000000000000000000000000000000110420130000000007018290000000000000005812                900006096           09      00        
0330002300056Z70976E1DEAA5424A03305F6                                         PGTFORNB11042013900006096                                                                                                                               00        
0330002300057J00039999566500000755313005513843103430712744001DISTRIBUIDORA AUTOMOTIVA S.A. 11042013000000000075531000000000000000000000000000000110420130000000000755310000000000000005813                900006097           09      00        
0330002300058Z70976E1C739ACB6CAD58E02                                         PGTFORNB11042013900006097                                                                                                                               00        
0330002300059J00039993566500000374243005513990003430712744001DISTRIBUIDORA AUTOMOTIVA S.A. 11042013000000000037424000000000000000000000000000000110420130000000000374240000000000000005814                900006098           09      00        
0330002300060Z70976E16547BD3830C3D284                                         PGTFORNB11042013900006098                                                                                                                               00        
0330002300061J00039999566500000827703005513800803430712744001DISTRIBUIDORA AUTOMOTIVA S.A. 11042013000000000082770000000000000000000000000000000110420130000000000827700000000000000005815                900006099           09      00        
0330002300062Z70976E19DCF64C69E4EF5F4                                         PGTFORNB11042013900006099                                                                                                                               00        
0330002300063J00023797566500000315520138093066000000801453000OBB CONSULTORIA E PARTICIPACOE11042013000000000031552000000000000000000000000000000110420130000000000315520000000000000005816                900006100           09      00        
0330002300064Z70976E15E68A1AC7DCB5EA7                                         PGTFORNB11042013900006100                                                                                                                               00        
0330002300065J00023792566500000930002386093036000003600028910FERROL IND E COM LTDA         11042013000000000093000000000000000000000000000000000110420130000000000930000000000000000005817                900006101           09      00        
0330002300066Z70976E18B3E21408D138C83                                         PGTFORNB11042013900006101                                                                                                                               00        
0330002300067J00042291566500002105827115000051187554025505791ISAPA IMP COM LTDA            11042013000000000210582000000000000000000000000000000110420130000000002105820000000000000005818                900006102           09      00        
0330002300068Z70976E135B940F9B011AE27                                         PGTFORNB11042013900006102                                                                                                                               00        
0330002300069J00000192566500000255420445730681033330001000111KOGA KOGA CIA LTDA            11042013000000000025542000000000000000000000000000000110420130000000000255420000000000000005820                900006103           09      00        
0330002300070Z70976E1200CED1CD9AAAAE7                                         PGTFORNB11042013900006103                                                                                                                               00        
0330002300071J00000192566500001083290445730681533330001000111KOGA KOGA CIA LTDA            11042013000000000108329000000000000000000000000000000110420130000000001083290000000000000005821                900006104           09      00        
0330002300072Z70976E16A25F1C3355BFA97                                         PGTFORNB11042013900006104                                                                                                                               00        
0330002300073J00000197566500000730160445730680933330001000111KOGA KOGA CIA LTDA            11042013000000000073016000000000000000000000000000000110420130000000000730160000000000000005822                900006105           09      00        
0330002300074Z70976E10A9BFDA91FE196CB                                         PGTFORNB11042013900006105                                                                                                                               00        
0330002300075J00034195566500000101701090955562650278738729000LORENZON MAQUINAS E FERRAMENTA11042013000000000010170000000000000000000000000000000110420130000000000101700000000000000005823                900006106           09      00        
0330002300076Z70976E19F343F6CF2BFA69C                                         PGTFORNB11042013900006106                                                                                                                               00        
0330002300077J00023797566500003022461523191331000500100006070LX IND E COM DE AUTOPECAS LTDA11042013000000000302246000000000000000000000000000000110420130000000003022460000000000000005824                900006107           09      00        
0330002300078Z70976E1A02D3AF8D93EA811                                         PGTFORNB11042013900006107                                                                                                                               00        
0330002300079J00034191566500006298301128909016412938025125000MAHLE METAL LEVE S/A          11042013000000000629830000000000000000000000000000000110420130000000006298300000000000000005826                900006108           09      00        
0330002300080Z70976E1086DEC1FF728FB9B                                         PGTFORNB11042013900006108                                                                                                                               00        
0330002300081J00034191566500003686701128909016662938025125000MAHLE METAL LEVE S/A          11042013000000000368670000000000000000000000000000000110420130000000003686700000000000000005827                900006109           09      00        
0330002300082Z70976E14FEACAD3AF481367                                         PGTFORNB11042013900006109                                                                                                                               00        
0330002300083J00034196566500000843761128909017162938025125000MAHLE METAL LEVE S/A          11042013000000000084376000000000000000000000000000000110420130000000000843760000000000000005828                900006110           09      00        
0330002300084Z70976E195933ECF3C87C152                                         PGTFORNB11042013900006110                                                                                                                               00        
0330002300085J00039992566500000188631771871708611960078237001BAP AUTOMOTIVA LTDA           11042013000000000018863000000000000000000000000000000110420130000000000188630000000000000005797                900006083           09      00        
0330002300086Z70976E170C852EE58BA7A6D                                         PGTFORNB11042013900006083                                                                                                                               00        
0330002300087J00039998566500000336091771871709411960078237001BAP AUTOMOTIVA LTDA           11042013000000000033609000000000000000000000000000000110420130000000000336090000000000000005798                900006084           09      00        
0330002300088Z70976E17E81B9F9841C69F5                                         PGTFORNB11042013900006084                                                                                                                               00        
0330002300089J00039994566500000903541771871711611960078237001BAP AUTOMOTIVA LTDA           11042013000000000090354000000000000000000000000000000110420130000000000903540000000000000005799                900006085           09      00        
0330002300090Z70976E184D752191744E1C0                                         PGTFORNB11042013900006085                                                                                                                               00        
0330002300091J00039991566500000470901771871710811960078237001BAP AUTOMOTIVA LTDA           11042013000000000047090000000000000000000000000000000110420130000000000470900000000000000005800                900006086           09      00        
0330002300092Z70976E1B2E9437EF617AC27                                         PGTFORNB11042013900006086                                                                                                                               00        
0330002300093J00034199566500001024121129236888190018834432000CAFIL IND E COM DE AUTO PECAS 11042013000000000102412000000000000000000000000000000110420130000000001024120000000000000005801                900006087           09      00        
0330002300094Z70976E16A30B44E9288CB05                                         PGTFORNB11042013900006087                                                                                                                               00        
0330002300095J00034191566500002109321090000355860278067418000CAPITAL EMBALAGENS DESCAT LTDA11042013000000000210932000000000000000000000000000000110420130000000002109320000000000000005802                900006088           09      00        
0330002300096Z70976E1FAC9A6CA62461E89                                         PGTFORNB11042013900006088                                                                                                                               00        
0330002300097J00039997566500000572801771883932704061860231001CAR CENTRAL DE AUTOPECAS E ROL11042013000000000057280000000000000000000000000000000110420130000000000572800000000000000005804                900006089           09      00        
0330002300098Z70976E1C4EB6ED125A33F45                                         PGTFORNB11042013900006089                                                                                                                               00        
0330002300099J00039994566500000602171771883925404061860231001CAR CENTRAL DE AUTOPECAS E ROL11042013000000000060217000000000000000000000000000000110420130000000000602170000000000000005805                900006090           09      00        
0330002300100Z70976E1D0DBC070B8FADA1D                                         PGTFORNB11042013900006090                                                                                                                               00        
0330002300101J00023798566500001021292002061301421020100829680COMERCIAL AUTOMOTIVA S.A.     11042013000000000102129000000000000000000000000000000110420130000000001021290000000000000005807                900006091           09      00        
0330002300102Z70976E12ABAA099120DB4F7                                         PGTFORNB11042013900006091                                                                                                                               00        
0330002300103J00023792566500000582402002061301421019100829680COMERCIAL AUTOMOTIVA S.A.     11042013000000000058240000000000000000000000000000000110420130000000000582400000000000000005808                900006092           09      00        
0330002300104Z70976E116CB68221FC06A40                                         PGTFORNB11042013900006092                                                                                                                               00        
0330002300105J00034191566500000118551128909016582938025125000MAHLE METAL LEVE S/A          11042013000000000011855000000000000000000000000000000110420130000000000118550000000000000005829                900006111           09      00        
0330002300106Z70976E1C609E49D3B75BA2C                                         PGTFORNB11042013900006111                                                                                                                               00        
0330002300107J00034196566500000459131128909016742938025125000MAHLE METAL LEVE S/A          11042013000000000045913000000000000000000000000000000110420130000000000459130000000000000005830                900006112           09      00        
0330002300108Z70976E15A1FE047B7661D90                                         PGTFORNB11042013900006112                                                                                                                               00        
0330002300109J00034192566500000220511128909016822938025125000MAHLE METAL LEVE S/A          11042013000000000022051000000000000000000000000000000110420130000000000220510000000000000005831                900006113           09      00        
0330002300110Z70976E14CE6BDD757B80359                                         PGTFORNB11042013900006113                                                                                                                               00        
0330002300111J00034194566500000224741128909016902938025125000MAHLE METAL LEVE S/A          11042013000000000022474000000000000000000000000000000110420130000000000224740000000000000005832                900006114           09      00        
0330002300112Z70976E1A1929DC067E86FFE                                         PGTFORNB11042013900006114                                                                                                                               00        
0330002300113J00034193566500000171531128909017082938025125000MAHLE METAL LEVE S/A          11042013000000000017153000000000000000000000000000000110420130000000000171530000000000000005833                900006115           09      00        
0330002300114Z70976E1D6019192EC77D860                                         PGTFORNB11042013900006115                                                                                                                               00        
0330002300115J00000195566500000208700000001729432000000066317MG TELECOMUNICACOES E INFORMAT11042013000000000020870000000000000000000000000000000110420130000000000208700000000000000005834                900006116           09      00        
0330002300116Z70976E1E15A980D06678D30                                         PGTFORNB11042013900006116                                                                                                                               00        
0330002300117J00023792566500000959092500090256575381100000340ODAPEL DISTRIBUIDORA DE AUTO P11042013000000000095909000000000000000000000000000000110420130000000000959090000000000000005835                900006117           09      00        
0330002300118Z70976E1112FA229AA5F9AA4                                         PGTFORNB11042013900006117                                                                                                                               00        
0330002300119J00023795566500000271922500090256575436300000340ODAPEL DISTRIBUIDORA DE AUTO P11042013000000000027192000000000000000000000000000000110420130000000000271920000000000000005836                900006118           09      00        
0330002300120Z70976E1B0AFB76783033CC5                                         PGTFORNB11042013900006118                                                                                                                               00        
0330002300121J00023796566500000205022500090256575380000000340ODAPEL DISTRIBUIDORA DE AUTO P11042013000000000020502000000000000000000000000000000110420130000000000205020000000000000005837                900006119           09      00        
0330002300122Z70976E11AF5BA373EAECF59                                         PGTFORNB11042013900006119                                                                                                                               00        
0330002300123J00023799566500000401800438090057000155900992420OESTCAP DISTR. DE AUTO PECAS L11042013000000000040180000000000000000000000000000000110420130000000000401800000000000000005838                900006120           09      00        
0330002300124Z70976E12F1989B58A957FEC                                         PGTFORNB11042013900006120                                                                                                                               00        
0330002300125J00034196566500003005141128636942071248082487000BANCO DAYCOVAL SA             11042013000000000300514000000000000000000000000000000110420130000000003005140000000000000005839                900006121           09      00        
0330002300126Z70976E18CDCDE044E5FBC64                                         PGTFORNB11042013900006121                                                                                                                               00        
0330002300127J00034196000000000000001219730077691012365225000PACAEMBU AUTO PECAS LTDA      11042013000000000073776000000000000000000000000000000110420130000000000737760000000000000005840                900006122           09      00        
0330002300128Z70976E1B15985CC456AAB4A                                         PGTFORNB11042013900006122                                                                                                                               00        
0330002300129J00034193566500000423781129358750163048155083000PARQUE DIST SUPRIMENTOS PARA E11042013000000000042378000000000000000000000000000000110420130000000000423780000000000000005841                900006123           09      00        
0330002300130Z70976E10D3EB638937081D6                                         PGTFORNB11042013900006123                                                                                                                               00        
0330002300131J00039998566500005474598144672255704540096965001PELLEGRINO DISTRIBUIDORA DE AU11042013000000000547459000000000000000000000000000000110420130000000005474590000000000000005842                900006124           09      00        
0330002300132Z70976E10B664D2BCC4C5601                                         PGTFORNB11042013900006124                                                                                                                               00        
0330002300133J00039992566500000479338144672253004540096965001PELLEGRINO DISTRIBUIDORA DE AU11042013000000000047933000000000000000000000000000000110420130000000000479330000000000000005843                900006125           09      00        
0330002300134Z70976E1B6213A4342F6038B                                         PGTFORNB11042013900006125                                                                                                                               00        
0330002300135J00039998566500002350268144672254904540096965001PELLEGRINO DISTRIBUIDORA DE AU11042013000000000235026000000000000000000000000000000110420130000000002350260000000000000005844                900006126           09      00        
0330002300136Z70976E1CE8800136CC0448B                                         PGTFORNB11042013900006126                                                                                                                               00        
03300025         000138000000000010140367000000000000000000310411                                                                                                                                                                               
03300031C2003031 2054375370001370033006500490028050300065 0000480000414 AUTO GERAL DE ITU LTDA                                                                              00000                                   00000000                    
0330003300001A0007002370123190000000029912 F.CONFUORTO IND E COM DE PECAS5869                11042013BRL000000000000000000000000120775900006078           11042013000000000120775                                        07          000        
0330003300002B   243024991000155                              00000                                                  00000000  110420130000000001207750000000000000000000000000000000000000000000000000000000000000000                00        
0330003300003Z70976E1462928F91D034867                                         PGTFORNB11042013900006078                                                                                                                               00        
03300035         000005000000000000120775000000000000000000030411                                                                                                                                                                               
03399999         000003000153000000                                                                                                                                                                                                             
