03300000         2054375370001370033006500490028050300065 0000480000414 AUTO GERAL DE ITU LTDA        SANTANDER                               20511201204094300002606000000                                                                     
03300011C2030030 2054375370001370033006500490028050300065 0000480000414 AUTO GERAL DE ITU LTDA                                                                              00000                                   00000000                    
0330001300001J00003396550500000621279482966200000020747530104CAR CENTRAL DE AUTOPECAS E ROL0211201200000000006212700000000000000000000000000000005112012000000000062127000000000000000336                 900000626           09      00        
0330001300002Z70976E14A2C9A629D30CBED                                         PGTFORNB05112012900000626                                                                                                                               00        
0330001300003J00035698550800000369930689070323410000004887743DISTRIBUIDORA ATOMOTIVA S.A   0511201200000000003699300000000000000000000000000000005112012000000000036993000000000000000403                 900000696           09      00        
0330001300004Z70976E107FDAF54BA500F16                                         PGTFORNB05112012900000696                                                                                                                               00        
0330001300005J00003392550500002721559482966200000020746130104CAR CENTRAL DE AUTOPECAS E ROL0211201200000000027215500000000000000000000000000000005112012000000000272155000000000000000378                 900000627           09      00        
0330001300006Z70976E11BEF0CFF9F7B47CC                                         PGTFORNB05112012900000627                                                                                                                               00        
0330001300007J00003394550500001459159482966200000020747290104CAR CENTRAL DE AUTOPECAS E ROL0211201200000000014591500000000000000000000000000000005112012000000000145915000000000000000382                 900000628           09      00        
0330001300008Z70976E1F732BE239E5C3196                                         PGTFORNB05112012900000628                                                                                                                               00        
0330001300009J00035694550800000308720689070323490000004887760DISTRIBUIDORA ATOMOTIVA S.A   0511201200000000003087200000000000000000000000000000005112012000000000030872000000000000000404                 900000697           09      00        
0330001300010Z70976E1055C83047BEDF013                                         PGTFORNB05112012900000697                                                                                                                               00        
0330001300011J00035699550800001887030689070323420000004887544DISTRIBUIDORA ATOMOTIVA S.A   0511201200000000018870300000000000000000000000000000005112012000000000188703000000000000000405                 900000698           09      00        
0330001300012Z70976E1D05569C238683514                                         PGTFORNB05112012900000698                                                                                                                               00        
0330001300013J00035692550700000370900409503986770000000232666ITA PECAS PARA VEICULOS COM E 0411201200000000003709000000000000000000000000000000005112012000000000037090000000000000000432                 900000724           09      00        
0330001300014Z70976E19A15EE14AF4EF17F                                         PGTFORNB05112012900000724                                                                                                                               00        
0330001300015J00035694550800002157180689070323420000005549788DISTRIBUIDORA ATOMOTIVA S.A   0511201200000000021571800000000000000000000000000000005112012000000000215718000000000000000406                 900000699           09      00        
0330001300016Z70976E16211C425A0F105E6                                         PGTFORNB05112012900000699                                                                                                                               00        
0330001300017J00035692550800000535680689070323460000005549800DISTRIBUIDORA ATOMOTIVA S.A   0511201200000000005356800000000000000000000000000000005112012000000000053568000000000000000407                 900000700           09      00        
0330001300018Z70976E106BA3014BDF2B384                                         PGTFORNB05112012900000700                                                                                                                               00        
0330001300019J00035698550800000546580689070323480000004887563DISTRIBUIDORA ATOMOTIVA S.A   0511201200000000005465800000000000000000000000000000005112012000000000054658000000000000000408                 900000701           09      00        
0330001300020Z70976E12723A2F389765F63                                         PGTFORNB05112012900000701                                                                                                                               00        
0330001300021J00035691550800002054310689070323430000004887535DISTRIBUIDORA ATOMOTIVA S.A   0511201200000000020543100000000000000000000000000000005112012000000000205431000000000000000409                 900000702           09      00        
0330001300022Z70976E13BCDBAAD4FDCA182                                         PGTFORNB05112012900000702                                                                                                                               00        
0330001300023J00035699550800000156660689070323440000004887690DISTRIBUIDORA ATOMOTIVA S.A   0511201200000000001566600000000000000000000000000000005112012000000000015666000000000000000411                 900000703           09      00        
0330001300024Z70976E14D91BF9F45D69026                                         PGTFORNB05112012900000703                                                                                                                               00        
0330001300025J00003397550800001157579513931700000103175620101DISTRIBUIDORA ATOMOTIVA S.A   0511201200000000011575700000000003636200000000000000005112012000000000079395000000000000000410                 900000676           09      00        
0330001300026Z70976E1DA43DC6E670E29CC                                         PGTFORNB05112012900000676                                                                                                                               00        
03300015         000028000000000001398291000000000000000000301105                                                                                                                                                                               
03300021C2031030 2054375370001370033006500490028050300065 0000480000414 AUTO GERAL DE ITU LTDA                                                                              00000                                   00000000                    
0330002300001J00034192550800000961841125275109300249809195000DRIVEWAY IND BRASIL AUTO PECAS0511201200000000009618400000000000000000000000000000005112012000000000096184000000000000000384                 900000677           09      00        
0330002300002Z70976E1D2E11C7BBDF5990D                                         PGTFORNB05112012900000677                                                                                                                               00        
0330002300003J00034193550500001474101125309744460191074004000POLIPECAS COML E IMP LTDA     0211201200000000014741000000000001031900000000000000005112012000000000137091000000000000000383                 900000673           09      00        
0330002300004Z70976E187E75741232E2F9F                                         PGTFORNB05112012900000673                                                                                                                               00        
0330002300005J00034196550800000342111125077156322938025125000MAHLE METAL LEVE S/A          0511201200000000003421100000000000000000000000000000005112012000000000034211000000000000000415                 900000707           09      00        
0330002300006Z70976E19705F2695FEFF830                                         PGTFORNB05112012900000707                                                                                                                               00        
0330002300007J00039996550800002341771762347130611960078237001BAP AUTOMOTIVA LTDA           0511201200000000023417700000000000000000000000000000005112012000000000234177000000000000000416                 900000708           09      00        
0330002300008Z70976E136EB59F858F87453                                         PGTFORNB05112012900000708                                                                                                                               00        
0330002300009J00039991550800001034691762347129211960078237001BAP AUTOMOTIVA LTDA           0511201200000000010346900000000000000000000000000000005112012000000000103469000000000000000417                 900000709           09      00        
0330002300010Z70976E1FB3DB522ADBDE7FD                                         PGTFORNB05112012900000709                                                                                                                               00        
0330002300011J00039993550800001058621762347128411960078237001BAP AUTOMOTIVA LTDA           0511201200000000010586200000000000000000000000000000005112012000000000105862000000000000000418                 900000710           09      00        
0330002300012Z70976E13A29DB627BD3E5E7                                         PGTFORNB05112012900000710                                                                                                                               00        
0330002300013J00023799550800011887083372092292000001405096800METALURGICA SCHADEK LTDA      0511201200000000118870800000000000000000000000000000005112012000000001188708000000000000000419                 900000711           09      00        
0330002300014Z70976E168DFE765A3307634                                         PGTFORNB05112012900000711                                                                                                                               00        
0330002300015J00039994550800000660992696541352804540096965001PELLEGRINO DISTRIBUIDORA DE AU0511201200000000006609900000000000000000000000000000005112012000000000066099000000000000000420                 900000712           09      00        
0330002300016Z70976E117FA37E651B66DDB                                         PGTFORNB05112012900000712                                                                                                                               00        
0330002300017J00034192550600011109931125192748830046046249000CENTAURO IND E COMERCIO LTDA  0311201200000000111099300000000000000000000000000000005112012000000001110993000000000000000454                 900000746           09      00        
0330002300018Z70976E147CA5BBB31028B7C                                         PGTFORNB05112012900000746                                                                                                                               00        
0330002300019J00034193550800000902501124690667437460278760000ASTRO TECNOLOGIA I C LTDA     0511201200000000009025000000000000000000000000000000005112012000000000090250000000000000000455                 900000747           09      00        
0330002300020Z70976E1C781EBBF1310F702                                         PGTFORNB05112012900000747                                                                                                                               00        
0330002300021J00034191550800000961001124765165400765234976000GIANCAR DISTR AUTO PECAS LTDA 0511201200000000009610000000000000000000000000000000005112012000000000096100000000000000000456                 900000748           09      00        
0330002300022Z70976E1A361414C52A1A79D                                         PGTFORNB05112012900000748                                                                                                                               00        
0330002300023J00034197000000000000001219762120021012365225000PACAEMBU AUTO PECAS LTDA      0511201200000000024337000000000000000000000000000000005112012000000000243370000000000000000457                 900000749           09      00        
0330002300024Z70976E1866657F6EA203DEC                                         PGTFORNB05112012900000749                                                                                                                               00        
0330002300025J00000197550800003323880441569141034120000204711INSTALADORA SAO MARCOS LTDA   0511201200000000033238800000000000000000000000000000005112012000000000332388000000000000000458                 900000750           09      00        
0330002300026Z70976E1162B3BD230C7FF70                                         PGTFORNB05112012900000750                                                                                                                               00        
0330002300027J00034191000000000000001219762120361012365225000PACAEMBU AUTO PECAS LTDA      0511201200000000039840100000000000000000000000000000005112012000000000398401000000000000000459                 900000751           09      00        
0330002300028Z70976E18EAF7D940F272CB8                                         PGTFORNB05112012900000751                                                                                                                               00        
0330002300029J00034194550800000297911124818122070548006287000ELETROPAR AUTOPECAS LTDA      0511201200000000002979100000000000000000000000000000005112012000000000029791000000000000000460                 900000752           09      00        
0330002300030Z70976E1478529D65E6F5107                                         PGTFORNB05112012900000752                                                                                                                               00        
0330002300031J00034198550700000445991122816861166676980086000NOVA DISTRIBUIDORA DE VEICULOS0411201200000000004459900000000000000000000000000000005112012000000000044599000000000000000461                 900000753           09      00        
0330002300032Z70976E1AFCB93C7DC9BB1B0                                         PGTFORNB05112012900000753                                                                                                                               00        
0330002300033J00034193550700000837291122802238790046365078000FELICIO VIGORITO FILHOS LTDA  0411201200000000008372900000000000000000000000000000005112012000000000083729000000000000000462                 900000754           09      00        
0330002300034Z70976E1CE2DABD4CEDD239E                                         PGTFORNB05112012900000754                                                                                                                               00        
0330002300035J00034194550700000544061123879129520237417159000ACCIOLY SA IMP E EXP          0411201200000000005440600000000000000000000000000000005112012000000000054406000000000000000463                 900000755           09      00        
0330002300036Z70976E152D467F56B71FF5B                                         PGTFORNB05112012900000755                                                                                                                               00        
0330002300037J00034198550700000094501124686866080076000777000CENTER PECAS FABBRI LTDA      0411201200000000000945000000000000000000000000000000005112012000000000009450000000000000000464                 900000756           09      00        
0330002300038Z70976E19F22DBA4A5983DB1                                         PGTFORNB05112012900000756                                                                                                                               00        
0330002300039J00034194550700000100001124686865660076000777000CENTER PECAS FABBRI LTDA      0411201200000000001000000000000000000000000000000000005112012000000000010000000000000000000465                 900000757           09      00        
0330002300040Z70976E160ED232EF2F41001                                         PGTFORNB05112012900000757                                                                                                                               00        
0330002300041J00000197550800001071100000002175416000002534617SK AUTOMOTIVE S/A DIST. AUTOPC0511201200000000010711000000000000000000000000000000005112012000000000107110000000000000000421                 900000713           09      00        
0330002300042Z70976E1168B4C3C2D211E03                                         PGTFORNB05112012900000713                                                                                                                               00        
0330002300043J00000199550800001348560000002175416000002532117SK AUTOMOTIVE S/A DIST. AUTOPC0511201200000000013485600000000000000000000000000000005112012000000000134856000000000000000422                 900000714           09      00        
0330002300044Z70976E1880A736D8A7FD28A                                         PGTFORNB05112012900000714                                                                                                                               00        
0330002300045J00000191550800000338470000001451450000033038217SK AUTOMOTIVE S/A DIST. AUTOPC0511201200000000003384700000000000000000000000000000005112012000000000033847000000000000000423                 900000715           09      00        
0330002300046Z70976E1DEFDB75FA2457183                                         PGTFORNB05112012900000715                                                                                                                               00        
0330002300047J00000194550800001548380000002175416000002534517SK AUTOMOTIVE S/A DIST. AUTOPC0511201200000000015483800000000000000000000000000000005112012000000000154838000000000000000424                 900000716           09      00        
0330002300048Z70976E1A3AE4047559F2040                                         PGTFORNB05112012900000716                                                                                                                               00        
0330002300049J00023793550800001140402044091322630347700193710J M CHAVES CARBURADORES       0511201200000000011404000000000000000000000000000000005112012000000000114040000000000000000425                 900000717           09      00        
0330002300050Z70976E1760EDFE02BBD0875                                         PGTFORNB05112012900000717                                                                                                                               00        
0330002300051J00034196550800000083441124849120792938000052000EATON LTDA                    0511201200000000000834400000000000000000000000000000005112012000000000008344000000000000000426                 900000718           09      00        
0330002300052Z70976E17C2EED2BA3F42BCA                                         PGTFORNB05112012900000718                                                                                                                               00        
0330002300053J00023798550800000100363372090000005460500584500MAGGI CAMINHOES LTDA          0511201200000000001003600000000000000000000000000000005112012000000000010036000000000000000427                 900000719           09      00        
0330002300054Z70976E15651F1989B3F30FF                                         PGTFORNB05112012900000719                                                                                                                               00        
0330002300055J00034195550800000245901090004690363048092666000SAF DIESEL VEICULOS LTDA      0511201200000000002459000000000000000000000000000000005112012000000000024590000000000000000428                 900000720           09      00        
0330002300056Z70976E1D2896E208FD6CF1D                                         PGTFORNB05112012900000720                                                                                                                               00        
0330002300057J00039991550800000046181761298485904540079149001BANCO SOFISA SA               0511201200000000000461800000000000000000000000000000005112012000000000004618000000000000000429                 900000721           09      00        
0330002300058Z70976E1447626CF2B0954ED                                         PGTFORNB05112012900000721                                                                                                                               00        
0330002300059J00039994550800000357201761298484004540079149001BANCO SOFISA SA               0511201200000000003572000000000000000000000000000000005112012000000000035720000000000000000430                 900000722           09      00        
0330002300060Z70976E13007EF80159F2261                                         PGTFORNB05112012900000722                                                                                                                               00        
0330002300061J00034191550800000304281579903115088513169824000SEBASTIAO PER XAVIER SOROC ME 0511201200000000003042800000000000000000000000000000005112012000000000030428000000000000000431                 900000723           09      00        
0330002300062Z70976E19F35B82F9622F2E6                                         PGTFORNB05112012900000723                                                                                                                               00        
0330002300063J00034191550600000250001124686865580076000777000CENTER PECAS FABBRI LTDA      0311201200000000002500000000000000000000000000000000005112012000000000025000000000000000000466                 900000758           09      00        
0330002300064Z70976E1D78BEA557AAF483A                                         PGTFORNB05112012900000758                                                                                                                               00        
0330002300065J00034191550600000168001124686865820076000777000CENTER PECAS FABBRI LTDA      0311201200000000001680000000000000000000000000000000005112012000000000016800000000000000000467                 900000759           09      00        
0330002300066Z70976E17E2F2D3069F2E125                                         PGTFORNB05112012900000759                                                                                                                               00        
0330002300067J00034195550600000282001124686865740076000777000CENTER PECAS FABBRI LTDA      0311201200000000002820000000000000000000000000000000005112012000000000028200000000000000000468                 900000760           09      00        
0330002300068Z70976E119A8C0136496B5F7                                         PGTFORNB05112012900000760                                                                                                                               00        
0330002300069J00000196550700000483340000001216979441384594331NOVA DISTRIBUIDORA DE VEICULOS0411201200000000004833400000000000000000000000000000005112012000000000048334000000000000000469                 900000761           09      00        
0330002300070Z70976E175BD4E4D907302E5                                         PGTFORNB05112012900000761                                                                                                                               00        
0330002300071J00000191550800000149900000001391585010835945317DIMAS MELO PIMENTA SIST PTO AC0511201200000000001499000000000000000000000000000000005112012000000000014990000000000000000470                 900000762           09      00        
0330002300072Z70976E1F961E4E3C074F472                                         PGTFORNB05112012900000762                                                                                                                               00        
0330002300073J00000192550800000257000000001391585010835835317DIMAS MELO PIMENTA SIST PTO AC0511201200000000002570000000000000000000000000000000005112012000000000025700000000000000000471                 900000763           09      00        
0330002300074Z70976E1107201F88B587D62                                         PGTFORNB05112012900000763                                                                                                                               00        
0330002300075J00000191550800000710000000002320802000000022717JOAO PAULO RODRIGUES PORTO FEL0511201200000000007100000000000000000000000000000000005112012000000000071000000000000000000472                 900000764           09      00        
0330002300076Z70976E14AAE1C96B31873B8                                         PGTFORNB05112012900000764                                                                                                                               00        
0330002300077J00034194550800000998641570189323250278683974000CRISTIANE R A FERNANDES ME    0511201200000000009986400000000000000000000000000000005112012000000000099864000000000000000473                 900000765           09      00        
0330002300078Z70976E16E306E4E8EC88ED5                                         PGTFORNB05112012900000765                                                                                                                               00        
0330002300079J00023793550500001096183262090000027547500935470COMDIP COMERCIAL DISTRIBUIDORA0211201200000000010961800000000000000000000000000000005112012000000000109618000000000000000337                 900000629           09      00        
0330002300080Z70976E1E25AF085C7888925                                         PGTFORNB05112012900000629                                                                                                                               00        
0330002300081J00023791550500003336641286092209000003300121220LANCE CAPITAL FACTORING E FOME0211201200000000033366400000000000000000000000000000005112012000000000333664000000000000000338                 900000630           09      00        
0330002300082Z70976E1786D73A9300E3F3E                                         PGTFORNB05112012900000630                                                                                                                               00        
0330002300083J00000195550500000420260000002096856000001931917PRV COMERCIO DE PECAS LTDA    0211201200000000004202600000000000000000000000000000005112012000000000042026000000000000000339                 900000631           09      00        
0330002300084Z70976E191CC664835794DC6                                         PGTFORNB05112012900000631                                                                                                                               00        
0330002300085J00000195550500000266440000001244482993004613217RPT DSITRIBUIDORA DE AUTO PCS 0211201200000000002664400000000000000000000000000000005112012000000000026644000000000000000340                 900000632           09      00        
0330002300086Z70976E13350166FE0A56261                                         PGTFORNB05112012900000632                                                                                                                               00        
0330002300087J00034195550700001320931122977288372938107808000ELIVEL AUTOMOTORES LTDA       0411201200000000013209300000000000000000000000000000005112012000000000132093000000000000000433                 900000725           09      00        
0330002300088Z70976E1F5527F11CE193C16                                         PGTFORNB05112012900000725                                                                                                                               00        
0330002300089J00034191550500000090521123816590962938000052000EATON LTDA                    0211201200000000000905200000000000000000000000000000005112012000000000009052000000000000000341                 900000633           09      00        
0330002300090Z70976E1D12A618020E08EC8                                         PGTFORNB05112012900000633                                                                                                                               00        
0330002300091J00034192550500000082751123816598312938000052000EATON LTDA                    0211201200000000000827500000000000000000000000000000005112012000000000008275000000000000000342                 900000634           09      00        
0330002300092Z70976E1192271C106FF7E4B                                         PGTFORNB05112012900000634                                                                                                                               00        
0330002300093J00034191550500000585971124264538282938030539000DELPHI AUTOM SYSTEMS BR LTDA  0211201200000000005859700000000000000000000000000000005112012000000000058597000000000000000343                 900000635           09      00        
0330002300094Z70976E15E03509FC3B9BE10                                         PGTFORNB05112012900000635                                                                                                                               00        
0330002300095J00034191550500002909351124264538852938030539000DELPHI AUTOM SYSTEMS BR LTDA  0211201200000000029093500000000000000000000000000000005112012000000000290935000000000000000344                 900000636           09      00        
0330002300096Z70976E1087C1467F117A9B5                                         PGTFORNB05112012900000636                                                                                                                               00        
0330002300097J00023797550500000436563394090000010690500324600MORELATE DSITRIBUIDORA DE AUTO0211201200000000004365600000000000000000000000000000005112012000000000043656000000000000000345                 900000637           09      00        
0330002300098Z70976E18F2BA0EF7B968D0B                                         PGTFORNB05112012900000637                                                                                                                               00        
0330002300099J00034191550500000658921124332358122938000052000EATON LTDA                    0211201200000000006589200000000000000000000000000000005112012000000000065892000000000000000346                 900000638           09      00        
0330002300100Z70976E1F389DC89B5F0D8A7                                         PGTFORNB05112012900000638                                                                                                                               00        
0330002300101J00034197550500000473551124332357472938000052000EATON LTDA                    0211201200000000004735500000000000000000000000000000005112012000000000047355000000000000000347                 900000639           09      00        
0330002300102Z70976E11441D96C49ABBABF                                         PGTFORNB05112012900000639                                                                                                                               00        
0330002300103J00023791550500000759403262090000029333400935470COMDIP COMERCIAL DISTRIBUIDORA0211201200000000007594000000000000000000000000000000005112012000000000075940000000000000000348                 900000640           09      00        
0330002300104Z70976E151292E130FF1EECE                                         PGTFORNB05112012900000640                                                                                                                               00        
0330002300105J00034191550500000076121124714888102938000052000EATON LTDA                    0211201200000000000761200000000000000000000000000000005112012000000000007612000000000000000349                 900000641           09      00        
0330002300106Z70976E12D06F3026DF1B271                                         PGTFORNB05112012900000641                                                                                                                               00        
0330002300107J00034197550500000223861124714897272938000052000EATON LTDA                    0211201200000000002238600000000000000000000000000000005112012000000000022386000000000000000350                 900000642           09      00        
0330002300108Z70976E1DDBA04A8DDC33FE2                                         PGTFORNB05112012900000642                                                                                                                               00        
0330002300109J00034193550500000086231124714900972938000052000EATON LTDA                    0211201200000000000862300000000000000000000000000000005112012000000000008623000000000000000351                 900000643           09      00        
0330002300110Z70976E10E46A93AD2A39C31                                         PGTFORNB05112012900000643                                                                                                                               00        
0330002300111J00023792550500000892273684190000015980100673000POLIPECAS DISTR AUTOMOTIVA LTD0211201200000000008922700000000000000000000000000000005112012000000000089227000000000000000352                 900000644           09      00        
0330002300112Z70976E189A76E28CEF26689                                         PGTFORNB05112012900000644                                                                                                                               00        
0330002300113J00023793550500000545413372092293000000605187730RCD COMERCIO E INDUSTRIA LTDA 0211201200000000005454100000000000000000000000000000005112012000000000054541000000000000000353                 900000645           09      00        
0330002300114Z70976E1BD7BEC6F6A0855DD                                         PGTFORNB05112012900000645                                                                                                                               00        
0330002300115J00034199550500001236691570113147344522114471000COML NV MILLENNIUM A P LTD EPP0211201200000000012366900000000000618300000000000000005112012000000000117486000000000000000354                 900000646           09      00        
0330002300116Z70976E1A00D42D74D3884CB                                         PGTFORNB05112012900000646                                                                                                                               00        
0330002300117J00039993550500000195928144664447504540096965001PELLEGRINO DISTR DE AUTOPECAS 0211201200000000001959200000000000000000000000000000005112012000000000019592000000000000000355                 900000647           09      00        
0330002300118Z70976E1C1AF5F63EAE3355E                                         PGTFORNB05112012900000647                                                                                                                               00        
0330002300119J00023793550500001033223395061180232792700028140ROCHESTER DISTRIBUIDORA DE AUT0211201200000000010332200000000000000000000000000000005112012000000000103322000000000000000356                 900000648           09      00        
0330002300120Z70976E196A24E27BEF9990A                                         PGTFORNB05112012900000648                                                                                                                               00        
0330002300121J00000192550500000125700000001011760000003708118COMPEL DISTR. E COM DE AUTO PE0211201200000000001257000000000000000000000000000000005112012000000000012570000000000000000357                 900000649           09      00        
0330002300122Z70976E1B898F866299364D6                                         PGTFORNB05112012900000649                                                                                                                               00        
0330002300123J00023797550500000770622002061201362898100829680COMERCIAL AUTOMOTIVA LTDA     0211201200000000007706200000000000000000000000000000005112012000000000077062000000000000000358                 900000650           09      00        
0330002300124Z70976E1AE232012A64F345D                                         PGTFORNB05112012900000650                                                                                                                               00        
0330002300125J00039998550500005268308144664445904540096965001PELLEGRINO DISTR. DE AUTOPECAS0211201200000000052683000000000000000000000000000000005112012000000000526830000000000000000359                 900000651           09      00        
0330002300126Z70976E16886C6FC0BE10340                                         PGTFORNB05112012900000651                                                                                                                               00        
0330002300127J00023792550500001007372500090256565750200000340ODAPEL DISTRIBUIDORA DE AUTO P0211201200000000010073700000000000000000000000000000005112012000000000100737000000000000000360                 900000652           09      00        
0330002300128Z70976E1EDBD3086608CD8D3                                         PGTFORNB05112012900000652                                                                                                                               00        
0330002300129J00023791550500000462913684190000015980400673000POLIPECAS DISTRIBUIDORA AUTOMO0211201200000000004629100000000000000000000000000000005112012000000000046291000000000000000361                 900000653           09      00        
0330002300130Z70976E179CD5C8AAE48FCD2                                         PGTFORNB05112012900000653                                                                                                                               00        
0330002300131J00023792550500000413852002061201362897100829680COMERCIAL AUTOMOTIVA S.A.     0211201200000000004138500000000000000000000000000000005112012000000000041385000000000000000362                 900000654           09      00        
0330002300132Z70976E141F446C55AAB5B8F                                         PGTFORNB05112012900000654                                                                                                                               00        
0330002300133J00034191550500000216041124714893472938000052000EATON LTDA                    0211201200000000002160400000000000000000000000000000005112012000000000021604000000000000000363                 900000655           09      00        
0330002300134Z70976E1BD47E183406662A1                                         PGTFORNB05112012900000655                                                                                                                               00        
0330002300135J00023795550500001087853684190000015977200673000POLIPECAS DISTRIBUIDORA AUTOMO0211201200000000010878500000000000000000000000000000005112012000000000108785000000000000000364                 900000656           09      00        
0330002300136Z70976E1A3791FCA7331558A                                         PGTFORNB05112012900000656                                                                                                                               00        
0330002300137J00023795550500001640343684190000015979800673000POLIPECAS DISTRIBUIDORA AUTOMO0211201200000000016403400000000000000000000000000000005112012000000000164034000000000000000365                 900000657           09      00        
0330002300138Z70976E1AAE9336ED5616007                                         PGTFORNB05112012900000657                                                                                                                               00        
0330002300139J00023797550500000384882002061201362885100829680COMERCIAL AUTOMOTIVA S.A.     0211201200000000003848800000000000000000000000000000005112012000000000038488000000000000000366                 900000658           09      00        
0330002300140Z70976E1C9E08C78E0BF12FB                                         PGTFORNB05112012900000658                                                                                                                               00        
0330002300141J00023793550500000269690138092265000002901453000OBB CONSULTORIA E PARTICIPACOE0211201200000000002696900000000000000000000000000000005112012000000000026969000000000000000367                 900000659           09      00        
0330002300142Z70976E137C70ADDC98B80CD                                         PGTFORNB05112012900000659                                                                                                                               00        
0330002300143J00034197550500000082751123816598232938000052000EATON LTDA                    0211201200000000000827500000000000000000000000000000005112012000000000008275000000000000000368                 900000660           09      00        
0330002300144Z70976E130ED139090C64684                                         PGTFORNB05112012900000660                                                                                                                               00        
0330002300145J00023799550500004543501495090000013604600119200VALCLEI IND E COM LTDA        0211201200000000045435000000000000000000000000000000005112012000000000454350000000000000000369                 900000661           09      00        
0330002300146Z70976E142717ACDBB5C5A53                                         PGTFORNB05112012900000661                                                                                                                               00        
0330002300147J00034195550800000317521570173841338073000898000SDAP SOROCABA D A P LTDA ME   0511201200000000003175200000000000000000000000000000005112012000000000031752000000000000000385                 900000678           09      00        
0330002300148Z70976E11B02B35ABA6206E0                                         PGTFORNB05112012900000678                                                                                                                               00        
0330002300149J00034191550600000119371124332367452938000052000EATON LTDA                    0311201200000000001193700000000000000000000000000000005112012000000000011937000000000000000442                 900000734           09      00        
0330002300150Z70976E15E16AB74B5964A7D                                         PGTFORNB05112012900000734                                                                                                                               00        
0330002300151J00034191550600000161421124332367522938000052000EATON LTDA                    0311201200000000001614200000000000000000000000000000005112012000000000016142000000000000000443                 900000735           09      00        
0330002300152Z70976E1FA4101464D1A837F                                         PGTFORNB05112012900000735                                                                                                                               00        
0330002300153J00023799550600000079603394093704061620100039600DE NIGRIS DISTR DE VEIC LTDA  0311201200000000000796000000000000000000000000000000005112012000000000007960000000000000000444                 900000736           09      00        
0330002300154Z70976E143EE9A5D13F63BF6                                         PGTFORNB05112012900000736                                                                                                                               00        
0330002300155J00039999550800002025372696541359504540096965001PELLEGRINO DISTR DE AUTOPECAS 0511201200000000020253700000000000000000000000000000005112012000000000202537000000000000000386                 900000679           09      00        
0330002300156Z70976E1AE11E4927B811EFC                                         PGTFORNB05112012900000679                                                                                                                               00        
0330002300157J00023794550700000687443394090000009290700324600MORELATE DISTRIBUIDORA DE AUTO0411201200000000006874400000000000000000000000000000005112012000000000068744000000000000000434                 900000726           09      00        
0330002300158Z70976E178D0FC67FDFF7FBC                                         PGTFORNB05112012900000726                                                                                                                               00        
0330002300159J00034197550700001060021124653154098351016152000MANDO MACHINERY LTDA          0411201200000000010600200000000000000000000000000000005112012000000000106002000000000000000435                 900000727           09      00        
0330002300160Z70976E1E3548B1F1714B5B2                                         PGTFORNB05112012900000727                                                                                                                               00        
0330002300161J00023791550700000810001286092277000004500121220MANDO MACHINERY LTDA          0411201200000000008100000000000000000000000000000000005112012000000000081000000000000000000436                 900000728           09      00        
0330002300162Z70976E1FDDC83E1A8C26567                                         PGTFORNB05112012900000728                                                                                                                               00        
0330002300163J00039992550700000742681761638775804570524809001F CONFURTO IND COM PCS E ACESS0411201200000000007426800000000000000000000000000000005112012000000000074268000000000000000437                 900000729           09      00        
0330002300164Z70976E1B136618BA5ECA33D                                         PGTFORNB05112012900000729                                                                                                                               00        
0330002300165J00034198550700001463931124369967902938000052000EATON LTDA                    0411201200000000014639300000000000000000000000000000005112012000000000146393000000000000000438                 900000730           09      00        
0330002300166Z70976E1144E23F877F52849                                         PGTFORNB05112012900000730                                                                                                                               00        
0330002300167J00034191550700000685541124369974912938000052000EATON LTDA                    0411201200000000006855400000000000000000000000000000005112012000000000068554000000000000000439                 900000731           09      00        
0330002300168Z70976E1C150A3561BACC7E7                                         PGTFORNB05112012900000731                                                                                                                               00        
0330002300169J00023794550600000511313394090000009224300324600MORELATE DISTRIBUIDORA DE AUTO0311201200000000005113100000000000000000000000000000005112012000000000051131000000000000000440                 900000732           09      00        
0330002300170Z70976E1C24E98EF99D7AA11                                         PGTFORNB05112012900000732                                                                                                                               00        
0330002300171J00000199550600000380100000002096856000001953517PRV COMERCIO DE PECAS LTDA    0311201200000000003801000000000000000000000000000000005112012000000000038010000000000000000441                 900000733           09      00        
0330002300172Z70976E121BB563D2DE569B5                                         PGTFORNB05112012900000733                                                                                                                               00        
0330002300173J00023799550800001841532500090256566037900000340ODAPEL DISTRIBUIDORA DE AUTO P0511201200000000018415300000000000000000000000000000005112012000000000184153000000000000000387                 900000680           09      00        
0330002300174Z70976E12F5056682A24273F                                         PGTFORNB05112012900000680                                                                                                                               00        
0330002300175J00034195550600000592121090000458188052016014000IRMAOS FERRETI E CIA LTDA     0311201200000000005921200000000000000000000000000000005112012000000000059212000000000000000445                 900000737           09      00        
0330002300176Z70976E19B48187B5C91B123                                         PGTFORNB05112012900000737                                                                                                                               00        
0330002300177J00023795550600003999001440090000005466200033570FORT LUB PRODUTOS AUT         0311201200000000039990000000000000000000000000000000005112012000000000399900000000000000000446                 900000738           09      00        
0330002300178Z70976E1A13ABA494B184A7C                                         PGTFORNB05112012900000738                                                                                                                               00        
0330002300179J00039997550800003528152053151143405313093513001REAL MOTO PECAS LTDA          0511201200000000035281500000000000000000000000000000005112012000000000352815000000000000000447                 900000739           09      00        
0330002300180Z70976E1A65588E26987377F                                         PGTFORNB05112012900000739                                                                                                                               00        
0330002300181J00034191550800000261961125156441132395000033000KOGA KOGA CIA LTDA            0511201200000000002619600000000000000000000000000000005112012000000000026196000000000000000448                 900000740           09      00        
0330002300182Z70976E145FED352AA02F710                                         PGTFORNB05112012900000740                                                                                                                               00        
0330002300183J00034191550800001185681125126432090017328824000MTE THOMSON IND COM LTDA      0511201200000000011856800000000000000000000000000000005112012000000000118568000000000000000449                 900000741           09      00        
0330002300184Z70976E154D8BB274A465259                                         PGTFORNB05112012900000741                                                                                                                               00        
0330002300185J00034193550800009011631125126427970017697418000THOMSON C I COM PROD AUTO LTDA0511201200000000090116300000000000000000000000000000005112012000000000901163000000000000000450                 900000742           09      00        
0330002300186Z70976E1158F2C719C48B8AD                                         PGTFORNB05112012900000742                                                                                                                               00        
0330002300187J00034192000000000000001219762121271012365225000PACAEMBU AUTO PECAS LTDA      0511201200000000009891000000000000000000000000000000005112012000000000098910000000000000000451                 900000743           09      00        
0330002300188Z70976E1648FE3E3925A7A92                                         PGTFORNB05112012900000743                                                                                                                               00        
0330002300189J00034195550800000088311125126432170017328824000MTE THOMSON IND COM LTDA      0511201200000000000883100000000000000000000000000000005112012000000000008831000000000000000452                 900000744           09      00        
0330002300190Z70976E1DD23AD44246528C4                                         PGTFORNB05112012900000744                                                                                                                               00        
0330002300191J00034194550800003462441125126428050017697418000THOMSON C I COM PROD AUT LTDA 0511201200000000034624400000000000000000000000000000005112012000000000346244000000000000000453                 900000745           09      00        
0330002300192Z70976E18F35EFFDD3649A78                                         PGTFORNB05112012900000745                                                                                                                               00        
0330002300193J00034199550800000050661124849120872938000052000EATON LTDA                    0511201200000000000506600000000000000000000000000000005112012000000000005066000000000000000412                 900000704           09      00        
0330002300194Z70976E1DAF54E01B19C34A3                                         PGTFORNB05112012900000704                                                                                                                               00        
0330002300195J00023795550800005656163372092292000001305096800METALURGICA SCHADEK LTDA      0511201200000000056561600000000000000000000000000000005112012000000000565616000000000000000413                 900000705           09      00        
0330002300196Z70976E1D57E35E08C779FFE                                         PGTFORNB05112012900000705                                                                                                                               00        
0330002300197J00023794550800001967953395061180232796100028140ROCHESTER DISTRIBUIDORA DE AUT0511201200000000019679500000000000000000000000000000005112012000000000196795000000000000000414                 900000706           09      00        
0330002300198Z70976E120B32D65577388D2                                         PGTFORNB05112012900000706                                                                                                                               00        
0330002300199J00023791550700000333123395061180232795000028140ROCHESTER DISTRIBUIDORA DE AUT0411201200000000003331200000000000000000000000000000005112012000000000033312000000000000000388                 900000681           09      00        
0330002300200Z70976E111AA1F645ECD939A                                         PGTFORNB05112012900000681                                                                                                                               00        
0330002300201J00034191550800000165361122814467432938000052000EATON LTDA                    0511201200000000001653600000000000000000000000000000005112012000000000016536000000000000000389                 900000682           09      00        
0330002300202Z70976E186B38878C3383D15                                         PGTFORNB05112012900000682                                                                                                                               00        
0330002300203J00034192550800000016581122814463622938000052000EATON LTDA                    0511201200000000000165800000000000000000000000000000005112012000000000001658000000000000000390                 900000683           09      00        
0330002300204Z70976E1592F1A08F2BA0829                                         PGTFORNB05112012900000683                                                                                                                               00        
0330002300205J00034192550800000148001122924124032938069560000TEMPO AUTOMOVEIS PECAS LTDA   0511201200000000001480000000000000000000000000000000005112012000000000014800000000000000000391                 900000684           09      00        
0330002300206Z70976E16F2532310703A281                                         PGTFORNB05112012900000684                                                                                                                               00        
0330002300207J00000191550800000393330000001244482993004997117RPT DISTRIBUIDORA DE AUTO PECA0511201200000000003933300000000000000000000000000000005112012000000000039333000000000000000392                 900000685           09      00        
0330002300208Z70976E15DCAABC664082416                                         PGTFORNB05112012900000685                                                                                                                               00        
0330002300209J00000191550800000631200000001244482993004986517RPT DISTRIBUIDORA DE AUTO PECA0511201200000000006312000000000000000000000000000000005112012000000000063120000000000000000393                 900000686           09      00        
0330002300210Z70976E14C54CBC9EF2C6808                                         PGTFORNB05112012900000686                                                                                                                               00        
0330002300211J00023793550800005279933484092247000075401129000PETRONAS LUBRIFICANTES BRASIL 0511201200000000052799300000000000000000000000000000005112012000000000527993000000000000000394                 900000687           09      00        
0330002300212Z70976E150FCFDFCFBB069E4                                         PGTFORNB05112012900000687                                                                                                                               00        
0330002300213J00023799550800000600000136092255000004301269910MEMORIAL COMERCIO DE PECAS LTD0511201200000000006000000000000000000000000000000000005112012000000000060000000000000000000395                 900000688           09      00        
0330002300214Z70976E15E5EAAEE39529022                                         PGTFORNB05112012900000688                                                                                                                               00        
0330002300215J00023795550800007338773484092275000074601129000PETRONAS LUBRIFICANTES BRASIL 0511201200000000073387700000000000000000000000000000005112012000000000733877000000000000000396                 900000689           09      00        
0330002300216Z70976E1EEF36ACBA9BDA7BD                                         PGTFORNB05112012900000689                                                                                                                               00        
0330002300217J00023799550800002669293484092275000074901129000PETRONAS LUBRIFICANTES BRASIL 0511201200000000026692900000000000000000000000000000005112012000000000266929000000000000000397                 900000690           09      00        
0330002300218Z70976E1191241B2AC239F48                                         PGTFORNB05112012900000690                                                                                                                               00        
0330002300219J00023791550800000275513484092275000122901129000PETRONAS LUBRIFICANTES BRASIL 0511201200000000002755100000000000000000000000000000005112012000000000027551000000000000000398                 900000691           09      00        
0330002300220Z70976E1D09FB73BB6618599                                         PGTFORNB05112012900000691                                                                                                                               00        
0330002300221J00023795550800000587243394090000009383100324600MORELATE DISTRIBUIDORA DE AUTO0511201200000000005872400000000000000000000000000000005112012000000000058724000000000000000399                 900000692           09      00        
0330002300222Z70976E110F002DED1D240BB                                         PGTFORNB05112012900000692                                                                                                                               00        
0330002300223J00000199550800000243200000001244482976000628917RENOVA AUTO PECAS LTDA ME     0511201200000000002432000000000000000000000000000000005112012000000000024320000000000000000400                 900000693           09      00        
0330002300224Z70976E1CB7B7F1ADC805054                                         PGTFORNB05112012900000693                                                                                                                               00        
0330002300225J00000198550800003791654584341656800370004790718DB DISTRIBUIDORA DE BATERIAS L0511201200000000037916500000000000000000000000000000005112012000000000379165000000000000000401                 900000694           09      00        
0330002300226Z70976E181A6D1A7A9F76172                                         PGTFORNB05112012900000694                                                                                                                               00        
0330002300227J00000194550800006157594584341656900370004790718DB DISTRIBUIDORA DE BATERIAS L0511201200000000061575900000000000000000000000000000005112012000000000615759000000000000000402                 900000695           09      00        
0330002300228Z70976E1A8265B2369DEC1D1                                         PGTFORNB05112012900000695                                                                                                                               00        
0330002300229J00034191550500000214571124234410243184597502000UNIVERSAL AUTOMOTIVE SYSTEMS S0211201200000000002145700000000000000000000000000000005112012000000000021457000000000000000370                 900000662           09      00        
0330002300230Z70976E190F4C36E148A2213                                         PGTFORNB05112012900000662                                                                                                                               00        
0330002300231J00000192550500000637030000001216979441306179531NOVA DISTRIBUIDORA DE VEICULOS0211201200000000006370300000000000000000000000000000005112012000000000063703000000000000000371                 900000663           09      00        
0330002300232Z70976E1352E9F1C05FE3679                                         PGTFORNB05112012900000663                                                                                                                               00        
0330002300233J00039995550500000857892053141969405313093513001REAL MOTO PECAS LTDA          0211201200000000008578900000000000000000000000000000005112012000000000085789000000000000000372                 900000664           09      00        
0330002300234Z70976E1F51BA8E8D10C0363                                         PGTFORNB05112012900000664                                                                                                                               00        
0330002300235J00034192550500000282521125032760680360545834000COBRA ROLAMENTOS AUTOPECAS LTD0211201200000000002825200000000000000000000000000000005112012000000000028252000000000000000373                 900000665           09      00        
0330002300236Z70976E10DC5BB35DDE7AF68                                         PGTFORNB05112012900000665                                                                                                                               00        
0330002300237J00034191550500005257671125032758540360545834000COBRA ROLAMENTOS AUTOPECAS LTD0211201200000000052576700000000000000000000000000000005112012000000000525767000000000000000374                 900000666           09      00        
0330002300238Z70976E1D385BBCA5ADB190E                                         PGTFORNB05112012900000666                                                                                                                               00        
0330002300239J00039993550500002205212053140372005313093513001REAL MOTO PECAS LTDA          0211201200000000022052100000000000000000000000000000005112012000000000220521000000000000000375                 900000667           09      00        
0330002300240Z70976E10F8789A686D18AB9                                         PGTFORNB05112012900000667                                                                                                                               00        
0330002300241J00039992550500003417832053141289405313093513001REAL MOTO PECAS LTDA          0211201200000000034178300000000000000000000000000000005112012000000000341783000000000000000376                 900000668           09      00        
0330002300242Z70976E14283A870F48293F4                                         PGTFORNB05112012900000668                                                                                                                               00        
0330002300243J00000195550500000286270000002101041441376980911DECAL LINE COM PREST SERV SILK0211201200000000002862700000000000000000000000000000005112012000000000028627000000000000000377                 900000669           09      00        
0330002300244Z70976E19F574B89AEBF1612                                         PGTFORNB05112012900000669                                                                                                                               00        
0330002300245J00034195550500002805531125081219622938017569000FRAS-LE S/A                   0211201200000000028055300000000000000000000000000000005112012000000000280553000000000000000379                 900000670           09      00        
0330002300246Z70976E1A0D710D860B24AD8                                         PGTFORNB05112012900000670                                                                                                                               00        
0330002300247J00034198550500002461261125081148433184122228000UNIVERSAL AUTOMOTIVE SYSTEMS S0211201200000000024612600000000000000000000000000000005112012000000000246126000000000000000380                 900000671           09      00        
0330002300248Z70976E1356B86C78C28D259                                         PGTFORNB05112012900000671                                                                                                                               00        
0330002300249J00039991550500000502132053139950205313093513001REAL MOTO PECAS LTDA          0211201200000000005021300000000000000000000000000000005112012000000000050213000000000000000381                 900000672           09      00        
0330002300250Z70976E1FD79DC38B302A411                                         PGTFORNB05112012900000672                                                                                                                               00        
03300025         000252000000000017675276000000000000000000311105                                                                                                                                                                               
03300031C2003031 2054375370001370033006500490028050300065 0000480000414 AUTO GERAL DE ITU LTDA                                                                              00000                                   00000000                    
0330003300001A00070039900454000000000575219TRELLEBORG AUTO DO BRASIL     474                 05112012BRL000000000000000000000000205262900000766           05112012000000000205262                                        07          0B1        
0330003300002B   203249921000180                              00000                                                  00000000  051120120000000002052620000000000000000000000000000000000000000000000000000000000000000                B1        
0330003300003A0007002370055090000000002321 JAMAICA MANGUEIRAS            475                 05112012BRL000000000000000000000000278877900000767           05112012000000000278877                                        07          0B1        
0330003300004B   262157094000164                              00000                                                  00000000  051120120000000002788770000000000000000000000000000000000000000000000000000000000000000                B1        
0330003300005A00070039900454000000000575219TRELLEBORG AUTO DO BRASIL     474                 05112012BRL000000000000000000000000205262900000674           05112012000000000205262                                        07          000        
0330003300006B   203249921000180                              00000                                                  00000000  051120120000000002052620000000000000000000000000000000000000000000000000000000000000000                00        
0330003300007Z70976E158026D778BB077D1                                         PGTFORNB05112012900000674                                                                                                                               00        
0330003300008A0007002370055090000000002321 JAMAICA MANGUEIRAS            475                 05112012BRL000000000000000000000000278877900000675           05112012000000000278877                                        07          000        
0330003300009B   262157094000164                              00000                                                  00000000  051120120000000002788770000000000000000000000000000000000000000000000000000000000000000                00        
0330003300010Z70976E1435AD25F4A465E73                                         PGTFORNB05112012900000675                                                                                                                               00        
03300035         000012000000000000968278000000000000000000                                                                                                                                                                                     
03399999         000003000294000000                                                                                                                                                                                                             
