03300000         2054375370001370033006500490028050300065 0000480000414 AUTO GERAL DE ITU LTDA        SANTANDER                               21802201313142800022306000000                                                                     
03300011C2011030 2054375370001370033006500490028050300065 0000480000414 AUTO GERAL DE ITU LTDA                                                                              00000                                   00000000                    
0330001300001O00083600000005549501103001705291110210015162745CIA PIRATININGA DE FORCA E LUZ18022013180220130000000000554954089                900004373                                                                               00        
0330001300002Z70976E18644DBB46BF4A3E9                                         PGTFORNB18022013900004373                                                                                                                               00        
0330001300003O00083600000001938801103003575126030210005915431CIA PIRATININGA DE FORCA E LUZ18022013180220130000000000193884090                900004374                                                                               00        
0330001300004Z70976E1268C13664062B1DC                                         PGTFORNB18022013900004374                                                                                                                               00        
03300015         000006000000000000074883000000000000000000110218                                                                                                                                                                               
03399999         000001000008000000                                                                                                                                                                                                             
