03300000         2054375370001370033006500490028050300065 0000480000414 AUTO GERAL DE ITU LTDA        SANTANDER                               20404201302240500030906000000                                                                     
03300011C2030030 2054375370001370033006500490028050300065 0000480000414 AUTO GERAL DE ITU LTDA                                                                              00000                                   00000000                    
0330001300001J00003399565800000090009185433000000002011200203BECAP COM DE AUTO PECAS LTDA  04042013000000000009000000000000000000000000000000000040420130000000000090000000000000000005525                900005806           09      00        
0330001300002Z70976E1C28E3B0B659DBE12                                         PGTFORNB04042013900005806                                                                                                                               00        
0330001300003J00003398565800000390009151176900000230169490102INFOR-REL COM SERV LTDA EPP   04042013000000000039000000000000000000000000000000000040420130000000000390000000000000000005539                900005807           09      00        
0330001300004Z70976E1AE1BA0B7F7D66EB7                                         PGTFORNB04042013900005807                                                                                                                               00        
0330001300005J00003397565800000613659492147000000000590720104J FREITAS COM IMP E EXP LTDA  04042013000000000061365000000000000000000000000000000040420130000000000613650000000000000005541                900005808           09      00        
0330001300006Z70976E17F8F81D7CD365CF3                                         PGTFORNB04042013900005808                                                                                                                               00        
0330001300007J00035699565800000248900689070323450000003269246DISTRIBUIDORA AUTOMOTIVA S.A. 04042013000000000024890000000000000000000000000000000040420130000000000248900000000000000005533                900005817           09      00        
0330001300008Z70976E1BF141BEC310D90E4                                         PGTFORNB04042013900005817                                                                                                                               00        
03300015         000010000000000000134255000000000000000000300404                                                                                                                                                                               
03300021C2031030 2054375370001370033006500490028050300065 0000480000414 AUTO GERAL DE ITU LTDA                                                                              00000                                   00000000                    
0330002300001J00023795565800000315540138093066000000701453000OBB CONSULTORIA E PARTICIPACOE04042013000000000031554000000000000000000000000000000040420130000000000315540000000000000005534                900005818           09      00        
0330002300002Z70976E1490780420BC7D4C5                                         PGTFORNB04042013900005818                                                                                                                               00        
0330002300003J00034192565800000837531129619080200249809195000DRIVEWAY INDUSTRIA BRASILEIRA 04042013000000000083753000000000000000000000000000000040420130000000000837530000000000000005535                900005819           09      00        
0330002300004Z70976E1324F4EBA2428727B                                         PGTFORNB04042013900005819                                                                                                                               00        
0330002300005J00034194565800000225321090304729150109276204000GIRANDO COMERCIO DE PECAS LTDA04042013000000000022532000000000000000000000000000000040420130000000000225320000000000000005536                900005820           09      00        
0330002300006Z70976E1632D8CD40D07E9B7                                         PGTFORNB04042013900005820                                                                                                                               00        
0330002300007J00034191565800000201091090304734260109276204000GIRANDO COMERCIO DE PECAS LTDA04042013000000000020109000000000000000000000000000000040420130000000000201090000000000000005537                900005821           09      00        
0330002300008Z70976E1B918A18FAD960E3D                                         PGTFORNB04042013900005821                                                                                                                               00        
0330002300009J00034198565800002547671090006648590054846332000GT COMERCIO DE LUBRIFICANTES L04042013000000000254767000000000000000000000000000000040420130000000002547670000000000000005538                900005822           09      00        
0330002300010Z70976E1FD1EF8AE418CD192                                         PGTFORNB04042013900005822                                                                                                                               00        
0330002300011J00039999565800000155531770593186003280030090001ITAVEMA ITALIA VEICULOS E MAQU04042013000000000015553000000000000000000000000000000040420130000000000155530000000000000005540                900005823           09      00        
0330002300012Z70976E129AC7F8C5F7C93F5                                         PGTFORNB04042013900005823                                                                                                                               00        
0330002300013J00023792565800001584453372091130780536000731020MAGGI AUTOMOVEIS LTDA         04042013000000000158445000000000000000000000000000000040420130000000001584450000000000000005542                900005824           09      00        
0330002300014Z70976E1B87E06C36A2F32DF                                         PGTFORNB04042013900005824                                                                                                                               00        
0330002300015J00023791565800000313013372090000006040900584500MAGGI CAMINHOES LTDA          04042013000000000031301000000000000000000000000000000040420130000000000313010000000000000005543                900005825           09      00        
0330002300016Z70976E1CCA743EE03AA9BE2                                         PGTFORNB04042013900005825                                                                                                                               00        
0330002300017J00023796565800000247003372097672311634300767230MAGGI VEICULOS LTDA           04042013000000000024700000000000000000000000000000000040420130000000000247000000000000000005544                900005826           09      00        
0330002300018Z70976E1C736FA5708272AEE                                         PGTFORNB04042013900005826                                                                                                                               00        
0330002300019J00023794565800000155533372097672311787000767230MAGGI VEICULOS LTDA           04042013000000000015553000000000000000000000000000000040420130000000000155530000000000000005545                900005827           09      00        
0330002300020Z70976E1DB7C4A7F2F2A433C                                         PGTFORNB04042013900005827                                                                                                                               00        
0330002300021J00034194565800006298101128909015672938025125000MAHLE METAL LEVE S/A          04042013000000000629810000000000000000000000000000000040420130000000006298100000000000000005546                900005828           09      00        
0330002300022Z70976E165426EF00A2AD052                                         PGTFORNB04042013900005828                                                                                                                               00        
0330002300023J00034197565800003686591128909015832938025125000MAHLE METAL LEVE S/A          04042013000000000368659000000000000000000000000000000040420130000000003686590000000000000005547                900005829           09      00        
0330002300024Z70976E1A98AA25BCF5616F2                                         PGTFORNB04042013900005829                                                                                                                               00        
0330002300025J00034191565800000843721128909016332938025125000MAHLE METAL LEVE S/A          04042013000000000084372000000000000000000000000000000040420130000000000843720000000000000005548                900005830           09      00        
0330002300026Z70976E1C4BBEEDD061145F4                                         PGTFORNB04042013900005830                                                                                                                               00        
0330002300027J00034192565800000118561128909015752938025125000MAHLE METAL LEVE S/A          04042013000000000011856000000000000000000000000000000040420130000000000118560000000000000005549                900005831           09      00        
0330002300028Z70976E18DAEDF98678724C9                                         PGTFORNB04042013900005831                                                                                                                               00        
0330002300029J00034191565800000459131128909015912938025125000MAHLE METAL LEVE S/A          04042013000000000045913000000000000000000000000000000040420130000000000459130000000000000005550                900005832           09      00        
0330002300030Z70976E1FEA04C2D9A5B66E5                                         PGTFORNB04042013900005832                                                                                                                               00        
0330002300031J00000199565800002976180000001597457132189959317PETROBRAS DISTRIBUIDORA       04042013000000000297618000000000000000000000000000000040420130000000002976180000000000000005562                900005844           09      00        
0330002300032Z70976E143B42A6D1A645EA0                                         PGTFORNB04042013900005844                                                                                                                               00        
0330002300033J00000193565800002997100000001597457132189959917PETROBRAS DISTRIBUIDORA       04042013000000000299710000000000000000000000000000000040420130000000002997100000000000000005563                900005845           09      00        
0330002300034Z70976E1E3F42E956C7A7BE1                                         PGTFORNB04042013900005845                                                                                                                               00        
0330002300035J00000199565800001110100000001597457132189991717PETROBRAS DISTRIBUIDORA       04042013000000000111010000000000000000000000000000000040420130000000001110100000000000000005564                900005846           09      00        
0330002300036Z70976E1A6D040D63D3D017A                                         PGTFORNB04042013900005846                                                                                                                               00        
0330002300037J00000192565800005411270000001597457132189960217PETROBRAS DISTRIBUIDORA       04042013000000000541127000000000000000000000000000000040420130000000005411270000000000000005565                900005847           09      00        
0330002300038Z70976E1F216E8DB56282BCF                                         PGTFORNB04042013900005847                                                                                                                               00        
0330002300039J00042291565800002818857016000074602514001695331RAYTON INDUSTRIAL SA          04042013000000000281885000000000000000000000000000000040420130000000002818850000000000000005566                900005848           09      00        
0330002300040Z70976E186F18C5180FA9651                                         PGTFORNB04042013900005848                                                                                                                               00        
0330002300041J00039999565800000685012995130521705313093513001REAL MOTO PECAS LTDA          04042013000000000068501000000000000000000000000000000040420130000000000685010000000000000005567                900005849           09      00        
0330002300042Z70976E17F85DAA73F028645                                         PGTFORNB04042013900005849                                                                                                                               00        
0330002300043J00039996565800001112192995130720105313093513001REAL MOTO PECAS LTDA          04042013000000000111219000000000000000000000000000000040420130000000001112190000000000000005568                900005850           09      00        
0330002300044Z70976E1FB0D434FDA0E5BDB                                         PGTFORNB04042013900005850                                                                                                                               00        
0330002300045J00023792565800001667863395061180232950100028140ROCHESTER DISTRIBUIDORA DE AUT04042013000000000166786000000000000000000000000000000040420130000000001667860000000000000005569                900005851           09      00        
0330002300046Z70976E1558B4D2D50FC4828                                         PGTFORNB04042013900005851                                                                                                                               00        
0330002300047J00034191565800000220501128909016092938025125000MAHLE METAL LEVE S/A          04042013000000000022050000000000000000000000000000000040420130000000000220500000000000000005551                900005833           09      00        
0330002300048Z70976E183C25B64AF1B3DF0                                         PGTFORNB04042013900005833                                                                                                                               00        
0330002300049J00034191565800000224741128909016172938025125000MAHLE METAL LEVE S/A          04042013000000000022474000000000000000000000000000000040420130000000000224740000000000000005552                900005834           09      00        
0330002300050Z70976E13EE11AEE0153051E                                         PGTFORNB04042013900005834                                                                                                                               00        
0330002300051J00039995565800001072282696558961804540096965001PELLEGRINO DISTRIBUIDORA DE AU04042013000000000107228000000000000000000000000000000040420130000000001072280000000000000005557                900005839           09      00        
0330002300052Z70976E124DE271018409704                                         PGTFORNB04042013900005839                                                                                                                               00        
0330002300053J00023791565800000283343484093036000094101129000PETRONAS LUBRIFICANTES BRASIL 04042013000000000028334000000000000000000000000000000040420130000000000283340000000000000005558                900005840           09      00        
0330002300054Z70976E17F455807537B43DF                                         PGTFORNB04042013900005840                                                                                                                               00        
0330002300055J00023796565800004999493484093064000094701129000PETRONAS LUBRIFICANTES BRASIL 04042013000000000499949000000000000000000000000000000040420130000000004999490000000000000005559                900005841           09      00        
0330002300056Z70976E113FC1D43905E1358                                         PGTFORNB04042013900005841                                                                                                                               00        
0330002300057J00034196565800001890751129587183900191074004000POLIPECAS COMERCIAL E IMPORTAD04042013000000000189075000000000013235000000000000000040420130000000001758400000000000000005560                900005842           09      00        
0330002300058Z70976E11ACB0C96C985ADED                                         PGTFORNB04042013900005842                                                                                                                               00        
0330002300059J00000191565800002428600000001597457132189959617PETROBRAS DISTRIBUIDORA       04042013000000000242860000000000000000000000000000000040420130000000002428600000000000000005561                900005843           09      00        
0330002300060Z70976E196CBC1A2BF171DFA                                         PGTFORNB04042013900005843                                                                                                                               00        
0330002300061J00042292565800005232187002020087700056608815511BANCO SAFRA S/A               04042013000000000523218000000000000000000000000000000040420130000000005232180000000000000005524                900005809           09      00        
0330002300062Z70976E1AB42E2331FE79BAC                                         PGTFORNB04042013900005809                                                                                                                               00        
0330002300063J00023793565800000356333114091396487019301763000BODIPASA BOMBAS DIESEL PAULIST04042013000000000035633000000000000000000000000000000040420130000000000356330000000000000005526                900005810           09      00        
0330002300064Z70976E163CB025113DF897A                                         PGTFORNB04042013900005810                                                                                                                               00        
0330002300065J00000198565800000408071823850974129130010401917CAMPINAS DIESEL LTDA          04042013000000000040807000000000000000000000000000000040420130000000000408070000000000000005527                900005811           09      00        
0330002300066Z70976E178DF57135932DAE9                                         PGTFORNB04042013900005811                                                                                                                               00        
0330002300067J00034192565800000036501129128286730076000777000CENTER PECAS FABBRI LTDA      04042013000000000003650000000000000000000000000000000040420130000000000036500000000000000005528                900005812           09      00        
0330002300068Z70976E15F3AEC8D2F66FB81                                         PGTFORNB04042013900005812                                                                                                                               00        
0330002300069J00034196565800000061001129128286080076000777000CENTER PECAS FABBRI LTDA      04042013000000000006100000000000000000000000000000000040420130000000000061000000000000000005529                900005813           09      00        
0330002300070Z70976E19A90E38947FEE32C                                         PGTFORNB04042013900005813                                                                                                                               00        
0330002300071J00023793565800004874413396092356000000700008270CINPAL CIA IND DE PECAS P/ AUT04042013000000000487441000000000000000000000000000000040420130000000004874410000000000000005530                900005814           09      00        
0330002300072Z70976E1938A7544302D2CD2                                         PGTFORNB04042013900005814                                                                                                                               00        
0330002300073J00023791565800000420350119060000001057900682000CORCERAMA COM DE AUTOPECAS LTD04042013000000000042035000000000000000000000000000000040420130000000000420350000000000000005531                900005815           09      00        
0330002300074Z70976E1707613AC45E89903                                         PGTFORNB04042013900005815                                                                                                                               00        
0330002300075J00000192565800000568000000001563680000003198217DIRECOES HIDRAULICAS LONDRINA 04042013000000000056800000000000000000000000000000000040420130000000000568000000000000000005532                900005816           09      00        
0330002300076Z70976E1DF36181F4370B0D9                                         PGTFORNB04042013900005816                                                                                                                               00        
0330002300077J00034191565800000171521128909016252938025125000MAHLE METAL LEVE S/A          04042013000000000017152000000000000000000000000000000040420130000000000171520000000000000005553                900005835           09      00        
0330002300078Z70976E1E9EF9FBBB8BE481C                                         PGTFORNB04042013900005835                                                                                                                               00        
0330002300079J00023791565800000207512500090256574943400000340ODAPEL DISTRIBUIDORA DE AUTO P04042013000000000020751000000000000000000000000000000040420130000000000207510000000000000005554                900005836           09      00        
0330002300080Z70976E12EBA62D5AB140AF9                                         PGTFORNB04042013900005836                                                                                                                               00        
0330002300081J00023791565800000395612500090256575008800000340ODAPEL DISTRIBUIDORA DE AUTO P04042013000000000039561000000000000000000000000000000040420130000000000395610000000000000005555                900005837           09      00        
0330002300082Z70976E1B1B3E4D72E3280C4                                         PGTFORNB04042013900005837                                                                                                                               00        
0330002300083J00023792565800000763002500090256574996200000340ODAPEL DISTRIBUIDORA DE AUTO P04042013000000000076300000000000000000000000000000000040420130000000000763000000000000000005556                900005838           09      00        
0330002300084Z70976E1E5998CD108B8CFDB                                         PGTFORNB04042013900005838                                                                                                                               00        
03300025         000086000000000006124916000000000000000000310404                                                                                                                                                                               
03399999         000002000098000000                                                                                                                                                                                                             
