03300000         2054375370001370033006500490028050300065 0000480000414 AUTO GERAL DE ITU LTDA        SANTANDER                               21903201313165200027706000000                                                                     
03300011C2011030 2054375370001370033006500490028050300065 0000480000414 AUTO GERAL DE ITU LTDA                                                                              00000                                   00000000                    
0330001300001O00081670000025768044042013031920131201340000001PM SOROCABA                   19032013190320130000000002576805042                900005325                                                                               00        
0330001300002Z70976E173FA8C8AC7098837                                         PGTFORNB19032013900005325                                                                                                                               00        
03300015         000004000000000000257680000000000000000000110319                                                                                                                                                                               
03399999         000001000006000000                                                                                                                                                                                                             
