03300000         2054375370001370033006500490028050300065 0000480000414 AUTO GERAL DE ITU LTDA        SANTANDER                               20804201313175100031406000000                                                                     
03300011C2011030 2054375370001370033006500490028050300065 0000480000414 AUTO GERAL DE ITU LTDA                                                                              00000                                   00000000                    
0330001300001O00083660000002194601103003260749880210005915015CIA PIRATININGA DE FORCA E LUZ08042013080420130000000000219465708                900005991                                                                               00        
0330001300002Z70976E11AEA22AEC5B59649                                         PGTFORNB08042013900005991                                                                                                                               00        
0330001300003O00083660000004721401103003295717540210002565404CIA PIRATININGA DE FORCA E LUZ08042013080420130000000000472145709                900005992                                                                               00        
0330001300004Z70976E11E32C91874E05B3D                                         PGTFORNB08042013900005992                                                                                                                               00        
03300015         000006000000000000069160000000000000000000110408                                                                                                                                                                               
03399999         000001000008000000                                                                                                                                                                                                             
