03300000         2054375370001370033006500490028050300065 0000480000414 AUTO GERAL DE ITU LTDA        SANTANDER                               22201201313155700017306000000                                                                     
03300011C2011030 2054375370001370033006500490028050300065 0000480000414 AUTO GERAL DE ITU LTDA                                                                              00000                                   00000000                    
0330001300001O00084670000001578602512013011029500000022929556NET SAO PAULO LTDA - SP       22012013220120130000000000157863166                900003447                                                                               00        
0330001300002Z70976E181FC60DA5FE53021                                         PGTFORNB22012013900003447                                                                                                                               00        
03300015         000004000000000000015786000000000000000000110122                                                                                                                                                                               
03300021C2003031 2054375370001370033006500490028050300065 0000480000414 AUTO GERAL DE ITU LTDA                                                                              00000                                   00000000                    
0330002300001A0000182370202810000000375551 MASTER SISTEMAS AUTOMOTIVOS LT3163                22012013BRL000000000000000000000000529404900003413           22012013000000000529404                                        05          000        
0330002300002B   290852914000173                              00000                                                  00000000  220120130000000005294040000000000000000000000000000000000000000000000000000000000000000                00        
0330002300003Z70976E1FE4A534D2D8C9663                                         PGTFORNB22012013900003413                                                                                                                               00        
03300025         000005000000000000529404000000000000000000030122                                                                                                                                                                               
03300031C2011030 2054375370001370033006500490028050300065 0000480000414 AUTO GERAL DE ITU LTDA                                                                              00000                                   00000000                    
0330003300001O00085600000000741600253038760416212908000044513SEFAZ SP IPVA                 22012013220120130000000000074163164                900003448                                                                               00        
0330003300002Z70976E16C1F58904906F3A9                                         PGTFORNB22012013900003448                                                                                                                               00        
03300035         000004000000000000007416000000000000000000110122                                                                                                                                                                               
03399999         000003000015000000                                                                                                                                                                                                             
