03300000         2054375370001370033006500490028050300065 0000480000414 AUTO GERAL DE ITU LTDA        SANTANDER                               20701201303432800014006000000                                                                     
03300011C2030030 2054375370001370033006500490028050300065 0000480000414 AUTO GERAL DE ITU LTDA                                                                              00000                                   00000000                    
0330001300001J00003399557000000380829140743000000001122750203ROM COMERCIAL DE AUTO PECAS LT06012013000000000038082000000000000000000000000000000070120130000000000380820000000000000002639                900002903           09      00        
0330001300002Z70976E17F319D6740993C90                                         PGTFORNB07012013900002903                                                                                                                               00        
0330001300003J00003391557100002573749482966200000023000600104CAR CENTRAL DE AUTOPECAS E ROL07012013000000000257374000000000000000000000000000000070120130000000002573740000000000000002647                900002904           09      00        
0330001300004Z70976E176C66E0AE87FC6D0                                         PGTFORNB07012013900002904                                                                                                                               00        
0330001300005J00003392557100000108479482966200000022780140104CAR CENTRAL DE AUTOPECAS E ROL07012013000000000010847000000000000000000000000000000070120130000000000108470000000000000002648                900002905           09      00        
0330001300006Z70976E1F825BB1A0A06950A                                         PGTFORNB07012013900002905                                                                                                                               00        
0330001300007J00003397557100000407979482966200000022777780104CAR CENTRAL DE AUTOPECAS E ROL07012013000000000040797000000000000000000000000000000070120130000000000407970000000000000002652                900002906           09      00        
0330001300008Z70976E17FA2FEAB0A6C503A                                         PGTFORNB07012013900002906                                                                                                                               00        
0330001300009J00003395557100000629469474127700000007003390203LUPORINI DISTR DE AUTOPECAS LT07012013000000000062946000000000000000000000000000000070120130000000000629460000000000000002662                900002907           09      00        
0330001300010Z70976E125F4F220C9A47931                                         PGTFORNB07012013900002907                                                                                                                               00        
0330001300011J00003393557100000556659474127700000007092200203LUPORINI DISTR DE AUTOPECAS LT07012013000000000055665000000000000000000000000000000070120130000000000556650000000000000002663                900002908           09      00        
0330001300012Z70976E15AF49D78B29B4D34                                         PGTFORNB07012013900002908                                                                                                                               00        
03300015         000014000000000000465711000000000000000000300107                                                                                                                                                                               
03300021C2031030 2054375370001370033006500490028050300065 0000480000414 AUTO GERAL DE ITU LTDA                                                                              00000                                   00000000                    
0330002300001J00034191556900000034001126648869780076000777000CENTER PECAS FABBRI LTDA      05012013000000000003400000000000000000000000000000000070120130000000000034000000000000000002619                900002909           09      00        
0330002300002Z70976E12A2C8440C911F7A0                                         PGTFORNB07012013900002909                                                                                                                               00        
0330002300003J00034191556900000243951126736422552938000052000EATON LTDA                    05012013000000000024395000000000000000000000000000000070120130000000000243950000000000000002623                900002913           09      00        
0330002300004Z70976E1BCECF5C2CF6AD77F                                         PGTFORNB07012013900002913                                                                                                                               00        
0330002300005J00034193556900000817091126736418852938000052000EATON LTDA                    05012013000000000081709000000000000000000000000000000070120130000000000817090000000000000002624                900002914           09      00        
0330002300006Z70976E17215FD4E6DB0B03B                                         PGTFORNB07012013900002914                                                                                                                               00        
0330002300007J00034194557100000207611125711949462938069560000TEMPO AUTOMOVEIS PECAS LTDA   07012013000000000020761000000000000000000000000000000070120130000000000207610000000000000002674                900002958           09      00        
0330002300008Z70976E1D9CB75296F7F59A4                                         PGTFORNB07012013900002958                                                                                                                               00        
0330002300009J00034199557100000122431126621267402938069560000TEMPO AUTOMOVEIS PECAS LTDA   07012013000000000012243000000000000000000000000000000070120130000000000122430000000000000002675                900002959           09      00        
0330002300010Z70976E1FADC107D34AED033                                         PGTFORNB07012013900002959                                                                                                                               00        
0330002300011J00039995557100000145281765725671404540079149001BANCO SOFISA SA               07012013000000000014528000000000000000000000000000000070120130000000000145280000000000000002676                900002960           09      00        
0330002300012Z70976E1957AE5278CE4989D                                         PGTFORNB07012013900002960                                                                                                                               00        
0330002300013J00039993557100000364651765725670604540079149001BANCO SOFISA SA               07012013000000000036465000000000000000000000000000000070120130000000000364650000000000000002677                900002961           09      00        
0330002300014Z70976E194D40E6B0526A9A0                                         PGTFORNB07012013900002961                                                                                                                               00        
0330002300015J00039991557100001313402315331780105313093513001REAL MOTO PECAS LTDA          07012013000000000131340000000000000000000000000000000070120130000000001313400000000000000002684                900002962           09      00        
0330002300016Z70976E13E4B4D3C628E16AF                                         PGTFORNB07012013900002962                                                                                                                               00        
0330002300017J00034197556900000124141125828292582938000052000EATON LTDA                    05012013000000000012414000000000000000000000000000000070120130000000000124140000000000000002625                900002915           09      00        
0330002300018Z70976E1E4C4102844C87864                                         PGTFORNB07012013900002915                                                                                                                               00        
0330002300019J00034199556900000163991125828284822938000052000EATON LTDA                    05012013000000000016399000000000000000000000000000000070120130000000000163990000000000000002626                900002916           09      00        
0330002300020Z70976E18FCF5CFEB266B030                                         PGTFORNB07012013900002916                                                                                                                               00        
0330002300021J00039991556900000434371764692768404570524809001F CONFUORTO IND COM PCS LTDA  05012013000000000043437000000000000000000000000000000070120130000000000434370000000000000002627                900002917           09      00        
0330002300022Z70976E137B175C7B1E88447                                         PGTFORNB07012013900002917                                                                                                                               00        
0330002300023J00034191556900002489561126905308552938017569000FRAS-LE S/A                   05012013000000000248956000000000000000000000000000000070120130000000002489560000000000000002628                900002918           09      00        
0330002300024Z70976E1F0A268D1B82CDEB7                                         PGTFORNB07012013900002918                                                                                                                               00        
0330002300025J00023791556900000330883394090000013848200324600MORELATE DISTRIBUIDORA DE AUTO05012013000000000033088000000000000000000000000000000070120130000000000330880000000000000002629                900002919           09      00        
0330002300026Z70976E18E89A8623B29A7A1                                         PGTFORNB07012013900002919                                                                                                                               00        
0330002300027J00000192556900000206570000001216979443123674831NOVA DISTRIBUIDORA DE VEICULOS05012013000000000020657000000000000000000000000000000070120130000000000206570000000000000002630                900002920           09      00        
0330002300028Z70976E1E15F728E7A87B060                                         PGTFORNB07012013900002920                                                                                                                               00        
0330002300029J00034199557000000473201126821355980237417159000ACCIOLY SA IMP E COM          06012013000000000047320000000000000000000000000000000070120130000000000473200000000000000002631                900002921           09      00        
0330002300030Z70976E1E50AAE617406C817                                         PGTFORNB07012013900002921                                                                                                                               00        
0330002300031J00034195557000000125001126648869860076000777000CENTER PECAS FABBRI LTDA      06012013000000000012500000000000000000000000000000000070120130000000000125000000000000000002632                900002922           09      00        
0330002300032Z70976E14B0C63260BEB63FC                                         PGTFORNB07012013900002922                                                                                                                               00        
0330002300033J00034192557000000499401126631397750017749003000DOVAC INDUSTRIA E COM LTDA    06012013000000000049940000000000001483000000000000000070120130000000000484570000000000000002633                900002923           09      00        
0330002300034Z70976E10D55C01B6F9CA598                                         PGTFORNB07012013900002923                                                                                                                               00        
0330002300035J00034195557000000042621126298774682938000052000EATON LTDA                    06012013000000000004262000000000000000000000000000000070120130000000000042620000000000000002634                900002924           09      00        
0330002300036Z70976E1E43EC954C636AB49                                         PGTFORNB07012013900002924                                                                                                                               00        
0330002300037J00034191557000000279681126298794152938000052000EATON LTDA                    06012013000000000027968000000000000000000000000000000070120130000000000279680000000000000002635                900002925           09      00        
0330002300038Z70976E177512DCFE4C872EB                                         PGTFORNB07012013900002925                                                                                                                               00        
0330002300039J00034191557000000580261126774890912938000052000EATON LTDA                    06012013000000000058026000000000000000000000000000000070120130000000000580260000000000000002636                900002926           09      00        
0330002300040Z70976E1ECD24F08433A79CC                                         PGTFORNB07012013900002926                                                                                                                               00        
0330002300041J00034196557000000112071125853598082938000052000EATON LTDA                    06012013000000000011207000000000000000000000000000000070120130000000000112070000000000000002637                900002927           09      00        
0330002300042Z70976E1AFCC993E2A635B46                                         PGTFORNB07012013900002927                                                                                                                               00        
0330002300043J00034196557000000487931125853605092938000052000EATON LTDA                    06012013000000000048793000000000000000000000000000000070120130000000000487930000000000000002638                900002928           09      00        
0330002300044Z70976E196E36B30FCFC5FA1                                         PGTFORNB07012013900002928                                                                                                                               00        
0330002300045J00023792557000000712802386092305000002100028910FERROL IND E COM LTDA         06012013000000000071280000000000000000000000000000000070120130000000000712800000000000000002640                900002929           09      00        
0330002300046Z70976E167F5086533AF20F3                                         PGTFORNB07012013900002929                                                                                                                               00        
0330002300047J00034195557000000331931126745330166676980086000NOVA DISTRIBUIDORA DE VEICULOS06012013000000000033193000000000000000000000000000000070120130000000000331930000000000000002641                900002930           09      00        
0330002300048Z70976E1BBFC8B514B327D77                                         PGTFORNB07012013900002930                                                                                                                               00        
0330002300049J00023797557000000578463395090000004927300650000SORANA SUL                    06012013000000000057846000000000000000000000000000000070120130000000000578460000000000000002642                900002931           09      00        
0330002300050Z70976E111DA21BDEA6631CA                                         PGTFORNB07012013900002931                                                                                                                               00        
0330002300051J00034191556900000756361126256781752938000052000EATON LTDA                    05012013000000000075636000000000000000000000000000000070120130000000000756360000000000000002620                900002910           09      00        
0330002300052Z70976E169E8E5D3111DDC08                                         PGTFORNB07012013900002910                                                                                                                               00        
0330002300053J00034194556900000093591126256783812938000052000EATON LTDA                    05012013000000000009359000000000000000000000000000000070120130000000000093590000000000000002621                900002911           09      00        
0330002300054Z70976E18774C989844B70B0                                         PGTFORNB07012013900002911                                                                                                                               00        
0330002300055J00034199556900001887291126256778212938000052000EATON LTDA                    05012013000000000188729000000000000000000000000000000070120130000000001887290000000000000002622                900002912           09      00        
0330002300056Z70976E1CE0899C95519AF9C                                         PGTFORNB07012013900002912                                                                                                                               00        
0330002300057J00023791556900004180493391020007157328800010210INTERSMART COM IMP EXP EQUIP E05012013000000000418049000000000000000000000000000000070120130000000004180490000000000000002643                900002932           09      00        
0330002300058Z70976E196BA2FE9CE12B0B6                                         PGTFORNB07012013900002932                                                                                                                               00        
0330002300059J00034192557100000080201090003044160513598375000MARCOS PAULO HOLTZ SOROCABA EP07012013000000000008020000000000000000000000000000000070120130000000000080200000000000000002666                900002950           09      00        
0330002300060Z70976E17A4F19CC7A44B7DC                                         PGTFORNB07012013900002950                                                                                                                               00        
0330002300061J00023791557100000275362028192340000001700375550MASTER SISTEMAS AUTOMOTIVOS LT07012013000000000027536000000000000000000000000000000070120130000000000275360000000000000002667                900002951           09      00        
0330002300062Z70976E189B7B48C95724BA3                                         PGTFORNB07012013900002951                                                                                                                               00        
0330002300063J00039992557100001567692315331768205313093513001REAL MOTO PECAS LTDA          07012013000000000156769000000000000000000000000000000070120130000000001567690000000000000002668                900002952           09      00        
0330002300064Z70976E12F7114B5C51E3F44                                         PGTFORNB07012013900002952                                                                                                                               00        
0330002300065J00039997557100000799912315331942105313093513001REAL MOTO PECAS LTDA          07012013000000000079991000000000000000000000000000000070120130000000000799910000000000000002669                900002953           09      00        
0330002300066Z70976E1365FF4B6E0C3B52A                                         PGTFORNB07012013900002953                                                                                                                               00        
0330002300067J00034193557100001176001127256923572938016363000RR DONNELLEY MOORE EDT GR LTDA07012013000000000117600000000000000000000000000000000070120130000000001176000000000000000002670                900002954           09      00        
0330002300068Z70976E1B13A3764F730B9E0                                         PGTFORNB07012013900002954                                                                                                                               00        
0330002300069J00000197557100014366180000001103966443466243411TARANTO COML IMP E EXP        07012013000000001436618000000000000000000000000000000070120130000000014366180000000000000002671                900002955           09      00        
0330002300070Z70976E184DA2E3807F1C5E3                                         PGTFORNB07012013900002955                                                                                                                               00        
0330002300071J00000191557100001267120000001103966443466243511TARANTO COML IMP E EXP        07012013000000000126712000000000000000000000000000000070120130000000001267120000000000000002672                900002956           09      00        
0330002300072Z70976E11164FAE15592DB29                                         PGTFORNB07012013900002956                                                                                                                               00        
0330002300073J00000194557100000620500000001103966443466243611TARANTO COML IMP E EXP        07012013000000000062050000000000000000000000000000000070120130000000000620500000000000000002673                900002957           09      00        
0330002300074Z70976E18339CA821BE2B8DE                                         PGTFORNB07012013900002957                                                                                                                               00        
0330002300075J00000191557100001362270443038352218690003493111J. INVEST MAXX FACTORING FOMEN07012013000000000136227000000000000000000000000000000070120130000000001362270000000000000002644                900002933           09      00        
0330002300076Z70976E129CACC3CA987268C                                         PGTFORNB07012013900002933                                                                                                                               00        
0330002300077J00034197557100000224001561663012964518080884000CAMPOS SALLES C LTDA EPP      07012013000000000022400000000000000000000000000000000070120130000000000224000000000000000002645                900002934           09      00        
0330002300078Z70976E16762CFC1B28043FF                                         PGTFORNB07012013900002934                                                                                                                               00        
0330002300079J00023794557100000884150495092318000081400995600CAOA CAMINHOES LTDA           07012013000000000088415000000000000000000000000000000070120130000000000884150000000000000002646                900002935           09      00        
0330002300080Z70976E11AB3AA195A308A29                                         PGTFORNB07012013900002935                                                                                                                               00        
0330002300081J00039994557100000292981766148962604061860231001CAR CENTRAL DE AUTOPECAS E ROL07012013000000000029298000000000000000000000000000000070120130000000000292980000000000000002649                900002936           09      00        
0330002300082Z70976E19A3806595EC170F9                                         PGTFORNB07012013900002936                                                                                                                               00        
0330002300083J00039991557100000506431766148964204061860231001CAR CENTRAL DE AUTOPECAS E ROL07012013000000000050643000000000000000000000000000000070120130000000000506430000000000000002650                900002937           09      00        
0330002300084Z70976E1172B9FD83FF7AAA5                                         PGTFORNB07012013900002937                                                                                                                               00        
0330002300085J00039991557100000264161766148956104061860231001CAR CENTRAL DE AUTOPECAS E ROL07012013000000000026416000000000000000000000000000000070120130000000000264160000000000000002651                900002938           09      00        
0330002300086Z70976E1EC28C18999DEEA42                                         PGTFORNB07012013900002938                                                                                                                               00        
0330002300087J00039994557100000230741766148960004061860231001CAR CENTRAL DE AUTOPECAS E ROL07012013000000000023074000000000000000000000000000000070120130000000000230740000000000000002653                900002939           09      00        
0330002300088Z70976E1D50AE63AB6B25DC1                                         PGTFORNB07012013900002939                                                                                                                               00        
0330002300089J00023793557100000096772917090000008966300041120CMD MOTORS LTDA               07012013000000000009677000000000000000000000000000000070120130000000000096770000000000000002654                900002940           09      00        
0330002300090Z70976E1FED6F47D2BC82309                                         PGTFORNB07012013900002940                                                                                                                               00        
0330002300091J00000191557100001764734584341710700370004790718DB DISTRIBUIDORA DE BATERIAS L07012013000000000176473000000000000000000000000000000070120130000000001764730000000000000002655                900002941           09      00        
0330002300092Z70976E14A3018A22DB6955D                                         PGTFORNB07012013900002941                                                                                                                               00        
0330002300093J00034192557100000988211126184011892938030539000DELPHI AUTOM SYSTEMS BR LTDA  07012013000000000098821000000000000000000000000000000070120130000000000988210000000000000002656                900002942           09      00        
0330002300094Z70976E1C49C2763255B23DA                                         PGTFORNB07012013900002942                                                                                                                               00        
0330002300095J00023792557100000286140138092338000003901370000BBL SISTEMAS OPERACIONAIS LTDA07012013000000000028614000000000000000000000000000000070120130000000000286140000000000000002657                900002943           09      00        
0330002300096Z70976E1FF1382C061C5554F                                         PGTFORNB07012013900002943                                                                                                                               00        
0330002300097J00034196557100001228011126362754822938000052000EATON LTDA                    07012013000000000122801000000000000000000000000000000070120130000000001228010000000000000002658                900002944           09      00        
0330002300098Z70976E149AFFA4F456A828D                                         PGTFORNB07012013900002944                                                                                                                               00        
0330002300099J00034198557100000112071125872099932938000052000EATON LTDA                    07012013000000000011207000000000000000000000000000000070120130000000000112070000000000000002659                900002945           09      00        
0330002300100Z70976E1BCE3617ED53F6CA5                                         PGTFORNB07012013900002945                                                                                                                               00        
0330002300101J00034199557100000717471124837294252938107808000ELIVEL AUTOMOTORES LTDA       07012013000000000071747000000000000000000000000000000070120130000000000717470000000000000002660                900002946           09      00        
0330002300102Z70976E130F7C456993E296A                                         PGTFORNB07012013900002946                                                                                                                               00        
0330002300103J00034191557100001049001126612914872938074040000ITAVOX VEICULOS               07012013000000000104900000000000000000000000000000000070120130000000001049000000000000000002661                900002947           09      00        
0330002300104Z70976E11628E3DB8503608A                                         PGTFORNB07012013900002947                                                                                                                               00        
0330002300105J00034195557100000182561090101441650278764519000MAGGI MOTOS LTDA              07012013000000000018256000000000000000000000000000000070120130000000000182560000000000000002664                900002948           09      00        
0330002300106Z70976E19D7DCB3537D376F1                                         PGTFORNB07012013900002948                                                                                                                               00        
0330002300107J00023792557100000822003372097672311502700767230MAGGI VEICULOS LTDA           07012013000000000082200000000000000000000000000000000070120130000000000822000000000000000002665                900002949           09      00        
0330002300108Z70976E1BA3AD31AA75AB998                                         PGTFORNB07012013900002949                                                                                                                               00        
03300025         000110000000000004928882000000000000000000310107                                                                                                                                                                               
03399999         000002000126000000                                                                                                                                                                                                             
