03300000         2054375370001370033006500490028050300065 0000480000414 AUTO GERAL DE ITU LTDA        SANTANDER                               21902201302155500022606000000                                                                     
03300011C2030030 2054375370001370033006500490028050300065 0000480000414 AUTO GERAL DE ITU LTDA                                                                              00000                                   00000000                    
0330001300001J00003391561400000893909489019100000092253230104KSPG AUTOMOTIVE BRASIL LTDA   19022013000000000089390000000000000000000000000000000190220130000000000893900000000000000004109                900004375           09      00        
0330001300002Z70976E11D5CCFB20FDF809C                                         PGTFORNB19022013900004375                                                                                                                               00        
0330001300003J00035691561400000108700689070323490000003262361DISTRIBUIDORA AUTOMOTIVA S/A  19022013000000000010870000000000000000000000000000000190220130000000000108700000000000000004101                900004384           09      00        
0330001300004Z70976E14D786BB4BCF5FE88                                         PGTFORNB19022013900004384                                                                                                                               00        
0330001300005J00035691561400000144020689070323440000003262366DISTRIBUIDORA AUTOMOTIVA S/A  19022013000000000014402000000000000000000000000000000190220130000000000144020000000000000004099                900004382           09      00        
0330001300006Z70976E1A6FCDADB56D109E8                                         PGTFORNB19022013900004382                                                                                                                               00        
0330001300007J00035691561400000263510689070323480000003262511DISTRIBUIDORA AUTOMOTIVA S/A  19022013000000000026351000000000000000000000000000000190220130000000000263510000000000000004100                900004383           09      00        
0330001300008Z70976E17280E6263F9EE3E9                                         PGTFORNB19022013900004383                                                                                                                               00        
03300015         000010000000000000141013000000000000000000300219                                                                                                                                                                               
03300021C2031030 2054375370001370033006500490028050300065 0000480000414 AUTO GERAL DE ITU LTDA                                                                              00000                                   00000000                    
0330002300001J00039998561400000286701768294155304061860231001CAR CENTRAL DE AUTOPECAS E ROL19022013000000000028670000000000000000000000000000000190220130000000000286700000000000000004093                900004376           09      00        
0330002300002Z70976E1EC14617141E04967                                         PGTFORNB19022013900004376                                                                                                                               00        
0330002300003J00034195561400000005981127899562682938000052000EATON LTDA                    19022013000000000000598000000000000000000000000000000190220130000000000005980000000000000004102                900004385           09      00        
0330002300004Z70976E12FDEFCD6B66294CE                                         PGTFORNB19022013900004385                                                                                                                               00        
0330002300005J00034191561400000214661127899561852938000052000EATON LTDA                    19022013000000000021466000000000000000000000000000000190220130000000000214660000000000000004103                900004386           09      00        
0330002300006Z70976E101B465BD208BE821                                         PGTFORNB19022013900004386                                                                                                                               00        
0330002300007J00034194561400000267081127871611010548006287000ELETROPAR AUTOPECAS LTDA      19022013000000000026708000000000000000000000000000000190220130000000000267080000000000000004104                900004387           09      00        
0330002300008Z70976E10CB97E01F5FDAC53                                         PGTFORNB19022013900004387                                                                                                                               00        
0330002300009J00034191561400000914371127851223110046365078000FELICIO VIGORITO FILHOS LTDA  19022013000000000091437000000000000000000000000000000190220130000000000914370000000000000004105                900004388           09      00        
0330002300010Z70976E1485D840309E386A8                                         PGTFORNB19022013900004388                                                                                                                               00        
0330002300011J00034193561400000226991090304497980109276204000GIRANDO COMERCIO DE PECAS LTDA19022013000000000022699000000000000000000000000000000190220130000000000226990000000000000004106                900004389           09      00        
0330002300012Z70976E1DCE4CEDFF859AA35                                         PGTFORNB19022013900004389                                                                                                                               00        
0330002300013J00034192561400000167711090304501270109276204000GIRANDO COMERCIO DE PECAS LTDA19022013000000000016771000000000000000000000000000000190220130000000000167710000000000000004107                900004390           09      00        
0330002300014Z70976E12A46FA27AA6C9B41                                         PGTFORNB19022013900004390                                                                                                                               00        
0330002300015J00034194561400000362241128189917652395022557000KOGA KOGA CIA LTDA            19022013000000000036224000000000000000000000000000000190220130000000000362240000000000000004108                900004391           09      00        
0330002300016Z70976E1C51FBA3BB782761A                                         PGTFORNB19022013900004391                                                                                                                               00        
0330002300017J00023797561400000704833392023023000002800201630LNG IMP EXP DE AUTOPECAS LTDA 19022013000000000070483000000000000000000000000000000190220130000000000704830000000000000004110                900004392           09      00        
0330002300018Z70976E1E2CEB492A3951610                                         PGTFORNB19022013900004392                                                                                                                               00        
0330002300019J00034192561400002194383588930809390452842032000ONIN DISTR DE AUTOPECAS LTDA  19022013000000000219438000000000000000000000000000000190220130000000002194380000000000000004111                900004393           09      00        
0330002300020Z70976E1AC2C789C03A54316                                         PGTFORNB19022013900004393                                                                                                                               00        
0330002300021J00034191000000000000001219837560821012365225000PACAEMBU AUTO PECAS LTDA      19022013000000000014588000000000000000000000000000000190220130000000000145880000000000000004112                900004394           09      00        
0330002300022Z70976E12C5C80DE258E64E4                                         PGTFORNB19022013900004394                                                                                                                               00        
0330002300023J00023791561400002715700151091330360054401251750PECA MAIS COMERCIO DE AUTO PEC19022013000000000271570000000000000000000000000000000190220130000000002715700000000000000004113                900004395           09      00        
0330002300024Z70976E12BE777112B7207D3                                         PGTFORNB19022013900004395                                                                                                                               00        
0330002300025J00039993561400000508502696553105904540096965001PELLEGRINO DISTRIBUIDORA DE AU19022013000000000050850000000000000000000000000000000190220130000000000508500000000000000004114                900004396           09      00        
0330002300026Z70976E141BC7B2E839B3BF8                                         PGTFORNB19022013900004396                                                                                                                               00        
0330002300027J00039996561400000372068144669518504540096965001PELLEGRINO DISTRIBUIDORA DE AU19022013000000000037206000000000000000000000000000000190220130000000000372060000000000000004115                900004397           09      00        
0330002300028Z70976E11ED900FD796BA820                                         PGTFORNB19022013900004397                                                                                                                               00        
0330002300029J00000191561400001032010444357861009500001934911QUINELATO INDUSTRIA E COMERCIO19022013000000000103201000000000000000000000000000000190220130000000001032010000000000000004116                900004398           09      00        
0330002300030Z70976E14BA54030F0ECFF2A                                         PGTFORNB19022013900004398                                                                                                                               00        
0330002300031J00039998561400007971713133524283405313093513001REAL MOTO PECAS LTDA          19022013000000000797171000000000000000000000000000000190220130000000007971710000000000000004117                900004399           09      00        
0330002300032Z70976E13ABC613A6471827B                                         PGTFORNB19022013900004399                                                                                                                               00        
0330002300033J00039996561400000863123133525136105313093513001REAL MOTO PECAS LTDA          19022013000000000086312000000000000000000000000000000190220130000000000863120000000000000004118                900004400           09      00        
0330002300034Z70976E1A4CA7176B373DEBE                                         PGTFORNB19022013900004400                                                                                                                               00        
0330002300035J00034191561400000151911127382316313184122228000UNIVERSAL AUTOMOTIVE SYSTEMS S19022013000000000015191000000000000000000000000000000190220130000000000151910000000000000004119                900004401           09      00        
0330002300036Z70976E1C1D771AE0DB6F99F                                         PGTFORNB19022013900004401                                                                                                                               00        
0330002300037J00023791561400000841193367023367761431400002920VALEC DISTR. DE VEICULOS LTDA 19022013000000000084119000000000000000000000000000000190220130000000000841190000000000000004120                900004402           09      00        
0330002300038Z70976E1D12B1B460E9981F1                                         PGTFORNB19022013900004402                                                                                                                               00        
0330002300039J00034192561400002980951750000118406890006866000NETWORK MAST C S I LTDA ME    19022013000000000298095000000000000000000000000000000190220130000000002980950000000000000004121                900004403           09      00        
0330002300040Z70976E13C95568BD6069F72                                         PGTFORNB19022013900004403                                                                                                                               00        
0330002300041J00023791561400000292393396093030000000500008270CINPAL CIA IND DE PECAS P/ AUT19022013000000000029239000000000000000000000000000000190220130000000000292390000000000000004094                900004377           09      00        
0330002300042Z70976E1066E5A7E4793BEC5                                         PGTFORNB19022013900004377                                                                                                                               00        
0330002300043J00023793561400002392793396093030000000100008270CINPAL CIA IND DE PECAS P/ AUT19022013000000000239279000000000000000000000000000000190220130000000002392790000000000000004095                900004378           09      00        
0330002300044Z70976E18E911DEFA135752A                                         PGTFORNB19022013900004378                                                                                                                               00        
0330002300045J00023792561400000286113262090000035087800935470COMDIP COMERCIAL DISTR DE PECA19022013000000000028611000000000000000000000000000000190220130000000000286110000000000000004096                900004379           09      00        
0330002300046Z70976E13FEBCA118158FAE6                                         PGTFORNB19022013900004379                                                                                                                               00        
0330002300047J00023793561400000334663262090000033653400935470COMDIP COMERCIAL DISTR DE PECA19022013000000000033466000000000000000000000000000000190220130000000000334660000000000000004097                900004380           09      00        
0330002300048Z70976E189030AD8947E5915                                         PGTFORNB19022013900004380                                                                                                                               00        
0330002300049J00023793561400000615163262090000033641100935470COMDIP COMERCIAL DISTR DE PECA19022013000000000061516000000000000000000000000000000190220130000000000615160000000000000004098                900004381           09      00        
0330002300050Z70976E1251DEE8B32C50C40                                         PGTFORNB19022013900004381                                                                                                                               00        
03300025         000052000000000002684908000000000000000000310219                                                                                                                                                                               
03399999         000002000064000000                                                                                                                                                                                                             
