03300000         2054375370001370033006500490028050300065 0000480000414 AUTO GERAL DE ITU LTDA        SANTANDER                               20502201302230600020306000000                                                                     
03300011C2030030 2054375370001370033006500490028050300065 0000480000414 AUTO GERAL DE ITU LTDA                                                                              00000                                   00000000                    
0330001300001J00003391560000001406279513931700000103933660101DISTRIBUIDORA AUTOMOTIVA S/A  05022013000000000140627000000000000000000000000000000050220130000000001406270000000000000003550                900003825           09      00        
0330001300002Z70976E1A4F338844F4AC0BB                                         PGTFORNB05022013900003825                                                                                                                               00        
0330001300003J00035693560000000331100689070323410000003260462DISTRIBUIDORA AUTOMOTIVA S/A  05022013000000000033110000000000000000000000000000000050220130000000000331100000000000000003551                900003835           09      00        
0330001300004Z70976E147EB53AA2A1BA2F8                                         PGTFORNB05022013900003835                                                                                                                               00        
0330001300005J00035693560100000215940689070323400000003260695DISTRIBUIDORA AUTOMOTIVA S/A  06022013000000000021594000000000000000000000000000000050220130000000000215940000000000000003584                900003865           09      00        
0330001300006Z70976E119FF2ACFE92276E0                                         PGTFORNB05022013900003865                                                                                                                               00        
0330001300007J00035695560000000263250689070323440000003260519DISTRIBUIDORA AUTOMOTIVA S/A  05022013000000000026325000000000000000000000000000000050220130000000000263250000000000000003552                900003836           09      00        
0330001300008Z70976E10BEDE709A0B438BB                                         PGTFORNB05022013900003836                                                                                                                               00        
0330001300009J00003397560000000300009421259200000000442020101GUMP MOTORS COMPONENTES AUTOMO05022013000000000030000000000000000000000000000000000050220130000000000300000000000000000003559                900003826           09      00        
0330001300010Z70976E120C5A95A438B751E                                         PGTFORNB05022013900003826                                                                                                                               00        
0330001300011J00003399560100000496669173505500000006044020203BODIPASA BOMBAS DIESEL PAULIST06022013000000000049666000000000000000000000000000000050220130000000000496660000000000000003577                900003827           09      00        
0330001300012Z70976E1F6E124B0094CE857                                         PGTFORNB05022013900003827                                                                                                                               00        
03300015         000014000000000000301322000000000000000000300205                                                                                                                                                                               
03300021C2031030 2054375370001370033006500490028050300065 0000480000414 AUTO GERAL DE ITU LTDA                                                                              00000                                   00000000                    
0330002300001J00034195560000000296181126631397830017749003000DOVAC INDUSTRIA E COM LTDA    05022013000000000029618000000000001480000000000000000050220130000000000281380000000000000003553                900003837           09      00        
0330002300002Z70976E1472CE4BBF44994C5                                         PGTFORNB05022013900003837                                                                                                                               00        
0330002300003J00039998560000000215681767919646411960078237001BAP AUTOMOTIVA LTDA           05022013000000000021568000000000000000000000000000000050220130000000000215680000000000000003543                900003828           09      00        
0330002300004Z70976E122E7B2975938EF2D                                         PGTFORNB05022013900003828                                                                                                                               00        
0330002300005J00039991560000000137091767057235804061860231001CAR CENTRAL DE AUTOPECAS E ROL05022013000000000013709000000000000000000000000000000050220130000000000137090000000000000003544                900003829           09      00        
0330002300006Z70976E1EA440B138AFC20CE                                         PGTFORNB05022013900003829                                                                                                                               00        
0330002300007J00023799560000000615163262090000033641000935470COMDIP COMERCIAL DISTR DE PECA05022013000000000061516000000000000000000000000000000050220130000000000615160000000000000003545                900003830           09      00        
0330002300008Z70976E113E012174329DF1B                                         PGTFORNB05022013900003830                                                                                                                               00        
0330002300009J00023791560000000206392002061301399373100829680COMERCIAL AUTOMOTIVA S.A.     05022013000000000020639000000000000000000000000000000050220130000000000206390000000000000003546                900003831           09      00        
0330002300010Z70976E13110A7056F10AEEB                                         PGTFORNB05022013900003831                                                                                                                               00        
0330002300011J00023797560000000229922002061301399388100829680COMERCIAL AUTOMOTIVA S.A.     05022013000000000022992000000000000000000000000000000050220130000000000229920000000000000003547                900003832           09      00        
0330002300012Z70976E17C7C34BCF764D37C                                         PGTFORNB05022013900003832                                                                                                                               00        
0330002300013J00000195560000000207230000001011760000003952018COMPEL DISTR E COM DE AUTO PEC05022013000000000020723000000000000000000000000000000050220130000000000207230000000000000003548                900003833           09      00        
0330002300014Z70976E1A8F8EE9C3D19D070                                         PGTFORNB05022013900003833                                                                                                                               00        
0330002300015J00034196560000000212971126931898732938000052000EATON LTDA                    05022013000000000021297000000000000000000000000000000050220130000000000212970000000000000003554                900003838           09      00        
0330002300016Z70976E1CA6A9E67AB831E25                                         PGTFORNB05022013900003838                                                                                                                               00        
0330002300017J00023796560100001145820008091300000813600385010MAQUINAS AGRICOLAS JACTO SA   06022013000000000114582000000000000000000000000000000050220130000000001145820000000000000003595                900003876           09      00        
0330002300018Z70976E1FA2B57CDFE20466F                                         PGTFORNB05022013900003876                                                                                                                               00        
0330002300019J00039991560100001228642696551527404540096965001PELLEGRINO DISTRIBUIDORA DE AU06022013000000000122864000000000000000000000000000000050220130000000001228640000000000000003596                900003877           09      00        
0330002300020Z70976E1053868D69BECD928                                         PGTFORNB05022013900003877                                                                                                                               00        
0330002300021J00039992560100000310708144668833204540096965001PELLEGRINO DISTRIBUIDORA DE AU06022013000000000031070000000000000000000000000000000050220130000000000310700000000000000003597                900003878           09      00        
0330002300022Z70976E16E8E8CD109AE722D                                         PGTFORNB05022013900003878                                                                                                                               00        
0330002300023J00023798560100001657583484092342000051501129000PETRONAS LUBRIFICANTES BRASIL 06022013000000000165758000000000000000000000000000000050220130000000001657580000000000000003598                900003879           09      00        
0330002300024Z70976E11CA8C450B03429B9                                         PGTFORNB05022013900003879                                                                                                                               00        
0330002300025J00039997560100000584942315385608705313093513001REAL MOTO PECAS LTDA          06022013000000000058494000000000000000000000000000000050220130000000000584940000000000000003599                900003880           09      00        
0330002300026Z70976E1BB7C1DC7ED530CF1                                         PGTFORNB05022013900003880                                                                                                                               00        
0330002300027J00023798560100000558563395090000005215800650000SORANA SUL                    06022013000000000055856000000000000000000000000000000050220130000000000558560000000000000003600                900003881           09      00        
0330002300028Z70976E19F2BA9F649088E9F                                         PGTFORNB05022013900003881                                                                                                                               00        
0330002300029J00034198560000000210141126931902102938000052000EATON LTDA                    05022013000000000021014000000000000000000000000000000050220130000000000210140000000000000003555                900003839           09      00        
0330002300030Z70976E19EF54456C5D1C164                                         PGTFORNB05022013900003839                                                                                                                               00        
0330002300031J00034198560000000206951090304418110109276204000GIRANDO COMERCIO DE PECAS LTDA05022013000000000020695000000000000000000000000000000050220130000000000206950000000000000003556                900003840           09      00        
0330002300032Z70976E1D3D27058648136F0                                         PGTFORNB05022013900003840                                                                                                                               00        
0330002300033J00034195560000001582111090304421730109276204000GIRANDO COMERCIO DE PECAS LTDA05022013000000000158211000000000000000000000000000000050220130000000001582110000000000000003557                900003841           09      00        
0330002300034Z70976E16BB270A33FE2F358                                         PGTFORNB05022013900003841                                                                                                                               00        
0330002300035J00023794560000005537150461093014000005201220070GONEL IND E COMERCIO LTDA     05022013000000000553715000000000000000000000000000000050220130000000005537150000000000000003558                900003842           09      00        
0330002300036Z70976E18B49FD443878EF86                                         PGTFORNB05022013900003842                                                                                                                               00        
0330002300037J00034192560000001049001126612914952938074040000ITAVOX VEICULOS               05022013000000000104900000000000000000000000000000000050220130000000001049000000000000000003560                900003843           09      00        
0330002300038Z70976E15444D72A7DF162AD                                         PGTFORNB05022013900003843                                                                                                                               00        
0330002300039J00023791560000000187003372097672307862700536350MAGGI MOTOS LTDA              05022013000000000018700000000000000000000000000000000050220130000000000187000000000000000003561                900003844           09      00        
0330002300040Z70976E164D5379F433FCB9D                                         PGTFORNB05022013900003844                                                                                                                               00        
0330002300041J00034191560000000469001126945301250384625000000PECAS AUTOMOTIVAS ZEENE LTDA  05022013000000000046900000000000000000000000000000000050220130000000000469000000000000000003562                900003845           09      00        
0330002300042Z70976E120DC4D376A61CCAD                                         PGTFORNB05022013900003845                                                                                                                               00        
0330002300043J00039997560000000679508144668768904540096965001PELLEGRINO DISTRIBUIDORA DE AU05022013000000000067950000000000000000000000000000000050220130000000000679500000000000000003563                900003846           09      00        
0330002300044Z70976E192174455347618A8                                         PGTFORNB05022013900003846                                                                                                                               00        
0330002300045J00034199560000000427141128026523320191074004000POLIPECAS COMERCIAL E IMPORTAD05022013000000000042714000000000002990000000000000000050220130000000000397240000000000000003564                900003847           09      00        
0330002300046Z70976E131D66A2BA63AB081                                         PGTFORNB05022013900003847                                                                                                                               00        
0330002300047J00039991560000005385192315391921605313093513001REAL MOTO PECAS LTDA          05022013000000000538519000000000000000000000000000000050220130000000005385190000000000000003565                900003848           09      00        
0330002300048Z70976E1568177CF11950CFE                                         PGTFORNB05022013900003848                                                                                                                               00        
0330002300049J00039993560000001409972315383403205313093513001REAL MOTO PECAS LTDA          05022013000000000140997000000000000000000000000000000050220130000000001409970000000000000003566                900003849           09      00        
0330002300050Z70976E112C77AEF67D9D2F1                                         PGTFORNB05022013900003849                                                                                                                               00        
0330002300051J00039991560000000377623133502197805313093513001REAL MOTO PECAS LTDA          05022013000000000037762000000000000000000000000000000050220130000000000377620000000000000003567                900003850           09      00        
0330002300052Z70976E166E86D60E74CA3F5                                         PGTFORNB05022013900003850                                                                                                                               00        
0330002300053J00039992560000000553352315383341905313093513001REAL MOTO PECAS LTDA          05022013000000000055335000000000000000000000000000000050220130000000000553350000000000000003568                900003851           09      00        
0330002300054Z70976E12964FD9F452C4B67                                         PGTFORNB05022013900003851                                                                                                                               00        
0330002300055J00023795560000001353140738093025000002100063200SARAIVA DISTR. AUTO PECAS LTDA05022013000000000135314000000000000000000000000000000050220130000000001353140000000000000003569                900003852           09      00        
0330002300056Z70976E155ED62CA669DE6B0                                         PGTFORNB05022013900003852                                                                                                                               00        
0330002300057J00023795560000002303390738093025000007400063200SARAIVA DISTR. AUTO PECAS LTDA05022013000000000230339000000000000000000000000000000050220130000000002303390000000000000003570                900003853           09      00        
0330002300058Z70976E1B803E4F73364C102                                         PGTFORNB05022013900003853                                                                                                                               00        
0330002300059J00034191560000000151911127382316233184122228000UNIVERSAL AUTOMOTIVE SYSTEMS S05022013000000000015191000000000000000000000000000000050220130000000000151910000000000000003571                900003854           09      00        
0330002300060Z70976E10AEF8D350D61C92D                                         PGTFORNB05022013900003854                                                                                                                               00        
0330002300061J00034198560000000100001090002046750041791401000GIBIM SEGURANCA ELETRONICA LTD05022013000000000010000000000000000000000000000000000050220130000000000100000000000000000003572                900003855           09      00        
0330002300062Z70976E10F350FA9EA5E855D                                         PGTFORNB05022013900003855                                                                                                                               00        
0330002300063J00023798560000001191313372091130210516800731020MAGGI AUTOMOVEIS LTDA         05022013000000000119131000000000000000000000000000000050220130000000001191310000000000000003573                900003856           09      00        
0330002300064Z70976E132CE9985B959C6EC                                         PGTFORNB05022013900003856                                                                                                                               00        
0330002300065J00034199560100001603851128113310350390497683000AUTIMEX COM IMPORTACAO E EXPOR06022013000000000160385000000000000000000000000000000050220130000000001603850000000000000003575                900003857           09      00        
0330002300066Z70976E1960A44E5636194EA                                         PGTFORNB05022013900003857                                                                                                                               00        
0330002300067J00039997560100000169341768015935111960078237001BAP AUTOMOTIVA LTDA           06022013000000000016934000000000000000000000000000000050220130000000000169340000000000000003576                900003858           09      00        
0330002300068Z70976E1228528AC912D4761                                         PGTFORNB05022013900003858                                                                                                                               00        
0330002300069J00000197560100000778821823850739529130010401917CAMPINAS DIESEL LTDA          06022013000000000077882000000000000000000000000000000050220130000000000778820000000000000003578                900003859           09      00        
0330002300070Z70976E170AEC256B736D414                                         PGTFORNB05022013900003859                                                                                                                               00        
0330002300071J00023795560100000491496348093007000078001024500DAYCO POWER TRANSMISSION      06022013000000000049149000000000000000000000000000000050220130000000000491490000000000000003583                900003864           09      00        
0330002300072Z70976E10DC74A9449A73B90                                         PGTFORNB05022013900003864                                                                                                                               00        
0330002300073J00039991560100000197673005510645903430712744001DISTRIBUIDORA AUTOMOTIVA S/A  06022013000000000019767000000000000000000000000000000050220130000000000197670000000000000003585                900003866           09      00        
0330002300074Z70976E1C13FFB49718C0056                                         PGTFORNB05022013900003866                                                                                                                               00        
0330002300075J00034193560100001397591127352325740046365078000FELICIO VIGORITO FILHOS LTDA  06022013000000000139759000000000000000000000000000000050220130000000001397590000000000000003586                900003867           09      00        
0330002300076Z70976E1A77A7D35FEBA8916                                         PGTFORNB05022013900003867                                                                                                                               00        
0330002300077J00034191560100000553501127352325090046365078000FELICIO VIGORITO FILHOS LTDA  06022013000000000055350000000000000000000000000000000050220130000000000553500000000000000003587                900003868           09      00        
0330002300078Z70976E13EAA0589E9923252                                         PGTFORNB05022013900003868                                                                                                                               00        
0330002300079J00034192560100000422991090304424390109276204000GIRANDO COMERCIO DE PECAS LTDA06022013000000000042299000000000000000000000000000000050220130000000000422990000000000000003588                900003869           09      00        
0330002300080Z70976E1B29AB1234F318422                                         PGTFORNB05022013900003869                                                                                                                               00        
0330002300081J00034191560100000122091090304422310109276204000GIRANDO COMERCIO DE PECAS LTDA06022013000000000012209000000000000000000000000000000050220130000000000122090000000000000003589                900003870           09      00        
0330002300082Z70976E1525411CEB51BB11C                                         PGTFORNB05022013900003870                                                                                                                               00        
0330002300083J00034191560100002324831561739013143171011202000HIDRAULICA VIC IM CO EQ HI LTD06022013000000000232483000000000033036000000000000000050220130000000001994470000000000000003590                900003871           09      00        
0330002300084Z70976E1674A77AB09AF2646                                         PGTFORNB05022013900003871                                                                                                                               00        
0330002300085J00034199560100000946001127393978453909030599000HYDRONLUBZ IND C EQUIPAMENTOS 06022013000000000094600000000000000000000000000000000050220130000000000946000000000000000003591                900003872           09      00        
0330002300086Z70976E1FA6EC4ACBB377251                                         PGTFORNB05022013900003872                                                                                                                               00        
0330002300087J00023792560100000159003372090000005830100584500MAGGI CAMINHOES LTDA          06022013000000000015900000000000000000000000000000000050220130000000000159000000000000000003592                900003873           09      00        
0330002300088Z70976E18FF3F73ED8E08228                                         PGTFORNB05022013900003873                                                                                                                               00        
0330002300089J00023795560100000822833372097672311502800767230MAGGI VEICULOS LTDA           06022013000000000082283000000000000000000000000000000050220130000000000822830000000000000003593                900003874           09      00        
0330002300090Z70976E1521100A1A61B2E83                                         PGTFORNB05022013900003874                                                                                                                               00        
0330002300091J00000192560100007091560000001512535000000918617MODEFER INDUSTRIA DE AUTO PECA06022013000000000709156000000000000000000000000000000050220130000000007091560000000000000003594                900003875           09      00        
0330002300092Z70976E10C2D9E6BFB68C895                                         PGTFORNB05022013900003875                                                                                                                               00        
0330002300093J00023791560000000328743398190000023058101324600DIBRACAM COMERCIAL LTDA       05022013000000000032874000000000000000000000000000000050220130000000000328740000000000000003549                900003834           09      00        
0330002300094Z70976E1190D664E6AFEF279                                         PGTFORNB05022013900003834                                                                                                                               00        
0330002300095J00023791560100000884420495092318000081500995600CAOA CAMINHOES LTDA           06022013000000000088442000000000000000000000000000000050220130000000000884420000000000000003579                900003860           09      00        
0330002300096Z70976E18A7BCD664878E316                                         PGTFORNB05022013900003860                                                                                                                               00        
0330002300097J00039995560100000738351767563058504061860231001CAR CENTRAL DE AUTOPECAS E ROL06022013000000000073835000000000000000000000000000000050220130000000000738350000000000000003580                900003861           09      00        
0330002300098Z70976E108B36E3EB6BB8932                                         PGTFORNB05022013900003861                                                                                                                               00        
0330002300099J00039993560100000557101767563055004061860231001CAR CENTRAL DE AUTOPECAS E ROL06022013000000000055710000000000000000000000000000000050220130000000000557100000000000000003581                900003862           09      00        
0330002300100Z70976E1E9E92272D391349D                                         PGTFORNB05022013900003862                                                                                                                               00        
0330002300101J00039991560100000211691767563119004061860231001CAR CENTRAL DE AUTOPECAS E ROL06022013000000000021169000000000000000000000000000000050220130000000000211690000000000000003582                900003863           09      00        
0330002300102Z70976E10C145563ABDBF253                                         PGTFORNB05022013900003863                                                                                                                               00        
03300025         000104000000000005020753000000000000000000310205                                                                                                                                                                               
03399999         000002000120000000                                                                                                                                                                                                             
