03300000         2054375370001370033006500490028050300065 0000480000414 AUTO GERAL DE ITU LTDA        SANTANDER                               20104201316253000030006000000                                                                     
03300011C2011030 2054375370001370033006500490028050300065 0000480000414 AUTO GERAL DE ITU LTDA                                                                              00000                                   00000000                    
0330001300001O00084610000000711710291158440287777003136130401TELEFONICA                    01042013010420130000000000071175465                900005747                                                                               00        
0330001300002Z70976E1D93431FA7E5E3A67                                         PGTFORNB01042013900005747                                                                                                                               00        
0330001300003O00084610000030590600800011208554953503131130401VIVO-SP                       01042013010420130000000003059065466                900005748                                                                               00        
0330001300004Z70976E1DD9B339BB9B44943                                         PGTFORNB01042013900005748                                                                                                                               00        
03300015         000006000000000000313023000000000000000000110401                                                                                                                                                                               
03399999         000001000008000000                                                                                                                                                                                                             
