03300000         2054375370001370033006500490028050300065 0000480000414 AUTO GERAL DE ITU LTDA        SANTANDER                               22412201202212900012106000000                                                                     
03300011C2030030 2054375370001370033006500490028050300065 0000480000414 AUTO GERAL DE ITU LTDA                                                                              00000                                   00000000                    
0330001300001J00003391555500000543679173505500000005830140203BODIPASA BOMBAS DIESEL PAULIST22122012000000000054367000000000000000000000000000000241220120000000000543670000000000000002134                900002421           09      00        
0330001300002Z70976E19AE41128397E6CFF                                         PGTFORNB24122012900002421                                                                                                                               00        
0330001300003J00035691555700000641440689070323490000005562131DISTRIBUIDORA AUTOMOTIVA S/A  24122012000000000064144000000000000000000000000000000241220120000000000641440000000000000002201                900002488           09      00        
0330001300004Z70976E150E70BF2D5228104                                         PGTFORNB24122012900002488                                                                                                                               00        
0330001300005J00003398555700000108489482966200000022779990104CAR CENTRAL DE AUTOPECAS E ROL24122012000000000010848000000000000000000000000000000241220120000000000108480000000000000002189                900002422           09      00        
0330001300006Z70976E135D099716460C27A                                         PGTFORNB24122012900002422                                                                                                                               00        
0330001300007J00003396555700000407999482966200000022777510104CAR CENTRAL DE AUTOPECAS E ROL24122012000000000040799000000000000000000000000000000241220120000000000407990000000000000002190                900002423           09      00        
0330001300008Z70976E14DB6B3DDA1211D68                                         PGTFORNB24122012900002423                                                                                                                               00        
0330001300009J00003391555700000534309513931700000103590600101DISTRIBUIDORA AUTOMOTIVA S/A  24122012000000000053430000000000000000000000000000000241220120000000000534300000000000000002200                900002424           09      00        
0330001300010Z70976E199835DBB14EC7AC4                                         PGTFORNB24122012900002424                                                                                                                               00        
0330001300011J00003391555700001425539534073000000000672100101P.E. DISTR DE AUTOPECAS LTDA  24122012000000000142553000000000000000000000000000000241220120000000001425530000000000000002211                900002425           09      00        
0330001300012Z70976E1C6E4F8DC336ECED7                                         PGTFORNB24122012900002425                                                                                                                               00        
03300015         000014000000000000366141000000000000000000301224                                                                                                                                                                               
03300021C2031030 2054375370001370033006500490028050300065 0000480000414 AUTO GERAL DE ITU LTDA                                                                              00000                                   00000000                    
0330002300001J00034191555500000022501126124246900076000777000CENTER PECAS FABBRI LTDA      22122012000000000002250000000000000000000000000000000241220120000000000022500000000000000002135                900002426           09      00        
0330002300002Z70976E14CE974B8AD7CB527                                         PGTFORNB24122012900002426                                                                                                                               00        
0330002300003J00023794555500000600002374192305000055100619430ORIGINAL VEICULOS LTDA        22122012000000000060000000000000000000000000000000000241220120000000000600000000000000000002150                900002441           09      00        
0330002300004Z70976E1FD42E77CD7F8BE90                                         PGTFORNB24122012900002441                                                                                                                               00        
0330002300005J00023799555500000376453395090000005075500650000SORANA SUL                    22122012000000000037645000000000000000000000000000000241220120000000000376450000000000000002151                900002442           09      00        
0330002300006Z70976E1D0D55E934C317271                                         PGTFORNB24122012900002442                                                                                                                               00        
0330002300007J00034191555500000239001750003289130758567747000TECNOPARTS AUTOPECAS COMERCIAL22122012000000000023900000000000000000000000000000000241220120000000000239000000000000000002152                900002443           09      00        
0330002300008Z70976E19607DE2693446780                                         PGTFORNB24122012900002443                                                                                                                               00        
0330002300009J00023791555600000398292622092299000008800970050ABSOLUTA DISTR DE AUTOMOVEIS L23122012000000000039829000000000000000000000000000000241220120000000000398290000000000000002153                900002444           09      00        
0330002300010Z70976E17346E97DAEE43891                                         PGTFORNB24122012900002444                                                                                                                               00        
0330002300011J00034191555600000480061125481344390237417159000ACCIOLY SA IMP E COM          23122012000000000048006000000000000000000000000000000241220120000000000480060000000000000002154                900002445           09      00        
0330002300012Z70976E1E4DD0BA30F5BB1FF                                         PGTFORNB24122012900002445                                                                                                                               00        
0330002300013J00034196555600000597801125750003471248021303000BANCO FIBRA SA                23122012000000000059780000000000000000000000000000000241220120000000000597800000000000000002155                900002446           09      00        
0330002300014Z70976E13B28191EFE2854CC                                         PGTFORNB24122012900002446                                                                                                                               00        
0330002300015J00034193555600000867501126229895421248021303000BANCO FIBRA SA                23122012000000000086750000000000000000000000000000000241220120000000000867500000000000000002156                900002447           09      00        
0330002300016Z70976E19709BF643CE5529A                                         PGTFORNB24122012900002447                                                                                                                               00        
0330002300017J00023792555600001524253114091294475497001763000BANCO SAFRA SA                23122012000000000152425000000000000000000000000000000241220120000000001524250000000000000002157                900002448           09      00        
0330002300018Z70976E1F5DE04BD7489D53A                                         PGTFORNB24122012900002448                                                                                                                               00        
0330002300019J00023794555600000365350495092331000039900995600CAOA CAMINHOES LTDA           23122012000000000036535000000000000000000000000000000241220120000000000365350000000000000002158                900002449           09      00        
0330002300020Z70976E1094E3EE023A1B908                                         PGTFORNB24122012900002449                                                                                                                               00        
0330002300021J00034198555600001015301126305763310076000777000CENTER PECAS FABBRI LTDA      23122012000000000101530000000000000000000000000000000241220120000000001015300000000000000002159                900002450           09      00        
0330002300022Z70976E198FD92B5E43653AB                                         PGTFORNB24122012900002450                                                                                                                               00        
0330002300023J00034199555600000027301126218525500076000777000CENTER PECAS FABBRI LTDA      23122012000000000002730000000000000000000000000000000241220120000000000027300000000000000002160                900002451           09      00        
0330002300024Z70976E1EECDD7D25F7C1522                                         PGTFORNB24122012900002451                                                                                                                               00        
0330002300025J00034196555600000027701126218525680076000777000CENTER PECAS FABBRI LTDA      23122012000000000002770000000000000000000000000000000241220120000000000027700000000000000002161                900002452           09      00        
0330002300026Z70976E158C8593B644E7081                                         PGTFORNB24122012900002452                                                                                                                               00        
0330002300027J00034197555600002525081125473515472938000052000EATON LTDA                    23122012000000000252508000000000000000000000000000000241220120000000002525080000000000000002162                900002453           09      00        
0330002300028Z70976E1193F234AC52A9B2F                                         PGTFORNB24122012900002453                                                                                                                               00        
0330002300029J00034198555600000255721125473516382938000052000EATON LTDA                    23122012000000000025572000000000000000000000000000000241220120000000000255720000000000000002163                900002454           09      00        
0330002300030Z70976E11C801DF2E810146C                                         PGTFORNB24122012900002454                                                                                                                               00        
0330002300031J00034191555600000043911126298687492938000052000EATON LTDA                    23122012000000000004391000000000000000000000000000000241220120000000000043910000000000000002164                900002455           09      00        
0330002300032Z70976E12CA48C6D5238B0BE                                         PGTFORNB24122012900002455                                                                                                                               00        
0330002300033J00034191555600000288151126298676182938000052000EATON LTDA                    23122012000000000028815000000000000000000000000000000241220120000000000288150000000000000002165                900002456           09      00        
0330002300034Z70976E1BA78DF755F93EBD5                                         PGTFORNB24122012900002456                                                                                                                               00        
0330002300035J00034191555600000164731125473514482938000052000EATON LTDA                    23122012000000000016473000000000000000000000000000000241220120000000000164730000000000000002166                900002457           09      00        
0330002300036Z70976E109981829E9F4A3A8                                         PGTFORNB24122012900002457                                                                                                                               00        
0330002300037J00034196555600000012271125473521982938000052000EATON LTDA                    23122012000000000001227000000000000000000000000000000241220120000000000012270000000000000002167                900002458           09      00        
0330002300038Z70976E17D8D95D867CB004C                                         PGTFORNB24122012900002458                                                                                                                               00        
0330002300039J00034196555600000285161125473522972938000052000EATON LTDA                    23122012000000000028516000000000000000000000000000000241220120000000000285160000000000000002168                900002459           09      00        
0330002300040Z70976E11110ED99E3D1CB4C                                         PGTFORNB24122012900002459                                                                                                                               00        
0330002300041J00039993555700000261031764696732504061860231001CAR CENTRAL DE AUTOPECAS E ROL24122012000000000026103000000000000000000000000000000241220120000000000261030000000000000002186                900002476           09      00        
0330002300042Z70976E150220DA6D05E5C76                                         PGTFORNB24122012900002476                                                                                                                               00        
0330002300043J00039999555700000412401764696735004061860231001CAR CENTRAL DE AUTOPECAS E ROL24122012000000000041240000000000000000000000000000000241220120000000000412400000000000000002187                900002477           09      00        
0330002300044Z70976E10BFE93FF590F1F4F                                         PGTFORNB24122012900002477                                                                                                                               00        
0330002300045J00039997555700000771361764696772404061860231001CAR CENTRAL DE AUTOPECAS E ROL24122012000000000077136000000000000000000000000000000241220120000000000771360000000000000002188                900002478           09      00        
0330002300046Z70976E19445F6F5E6D25A7F                                         PGTFORNB24122012900002478                                                                                                                               00        
0330002300047J00034199555700000030001126218525760076000777000CENTER PECAS FABBRI LTDA      24122012000000000003000000000000000000000000000000000241220120000000000030000000000000000002191                900002479           09      00        
0330002300048Z70976E12D6BC9E36EACBA85                                         PGTFORNB24122012900002479                                                                                                                               00        
0330002300049J00034196555700000640001126218525430076000777000CENTER PECAS FABBRI LTDA      24122012000000000064000000000000000000000000000000000241220120000000000640000000000000000002192                900002480           09      00        
0330002300050Z70976E159E3ECBE75084403                                         PGTFORNB24122012900002480                                                                                                                               00        
0330002300051J00023792555700000518140311061201383336100829680COMERCIAL AUTOMOTIVA S.A.     24122012000000000051814000000000000000000000000000000241220120000000000518140000000000000002193                900002481           09      00        
0330002300052Z70976E1B3D8580D03AB12FD                                         PGTFORNB24122012900002481                                                                                                                               00        
0330002300053J00023791555700000502142002061201383394100829680COMERCIAL AUTOMOTIVA S.A.     24122012000000000050214000000000000000000000000000000241220120000000000502140000000000000002194                900002482           09      00        
0330002300054Z70976E1CC952A54126611F9                                         PGTFORNB24122012900002482                                                                                                                               00        
0330002300055J00000192555700004184384584341697700370004790718DB DISTRIBUIDORA DE BATERIAS L24122012000000000418438000000000000000000000000000000241220120000000004184380000000000000002195                900002483           09      00        
0330002300056Z70976E140A2803B40D185F6                                         PGTFORNB24122012900002483                                                                                                                               00        
0330002300057J00000193555700002617694584341697600370004790718DB DISTRIBUIDORA DE BATERIAS L24122012000000000261769000000000000000000000000000000241220120000000002617690000000000000002196                900002484           09      00        
0330002300058Z70976E1F7702F3925EFCABC                                         PGTFORNB24122012900002484                                                                                                                               00        
0330002300059J00034194555700000988211126184011712938030539000DB DISTRIBUIDORA DE BATERIAS L24122012000000000098821000000000000000000000000000000241220120000000000988210000000000000002197                900002485           09      00        
0330002300060Z70976E1EA95CB63D1F65CEA                                         PGTFORNB24122012900002485                                                                                                                               00        
0330002300061J00034195555700000648841125334210802938030539000DELPHI AUTOM SYSTEMS BR LTDA  24122012000000000064884000000000000000000000000000000241220120000000000648840000000000000002198                900002486           09      00        
0330002300062Z70976E18898FB48C98EE354                                         PGTFORNB24122012900002486                                                                                                                               00        
0330002300063J00023792555700000054003398190000022406301324600DIBRACAM COMERCIAL LTDA       24122012000000000005400000000000000000000000000000000241220120000000000054000000000000000002199                900002487           09      00        
0330002300064Z70976E19E1ACC32DEDE741A                                         PGTFORNB24122012900002487                                                                                                                               00        
0330002300065J00034197555700001265231126362719032938000052000EATON LTDA                    24122012000000000126523000000000000000000000000000000241220120000000001265230000000000000002202                900002489           09      00        
0330002300066Z70976E169F30687B6F6F1BD                                         PGTFORNB24122012900002489                                                                                                                               00        
0330002300067J00039996555700000221298144666871404540096965001PELLEGRINO DISTRIBUIDORA DE AU24122012000000000022129000000000000000000000000000000241220120000000000221290000000000000002213                900002499           09      00        
0330002300068Z70976E17B1729DD8228C7EB                                         PGTFORNB24122012900002499                                                                                                                               00        
0330002300069J00039994555700000393608144666834004540096965001PELLEGRINO DISTRIBUIDORA DE AU24122012000000000039360000000000000000000000000000000241220120000000000393600000000000000002214                900002500           09      00        
0330002300070Z70976E1C871A7D46665B101                                         PGTFORNB24122012900002500                                                                                                                               00        
0330002300071J00000192555700001190830000001236468442256256911POLO COMERCIO INTERNACIONAL LT24122012000000000119083000000000000000000000000000000241220120000000001190830000000000000002215                900002501           09      00        
0330002300072Z70976E1F734E0D013D1B195                                         PGTFORNB24122012900002501                                                                                                                               00        
0330002300073J00039999555700001569292315331766605313093513001REAL MOTO PECAS LTDA          24122012000000000156929000000000000000000000000000000241220120000000001569290000000000000002220                900002506           09      00        
0330002300074Z70976E10B98F8D5ECCDC311                                         PGTFORNB24122012900002506                                                                                                                               00        
0330002300075J00039992555700000800402315331940505313093513001REAL MOTO PECAS LTDA          24122012000000000080040000000000000000000000000000000241220120000000000800400000000000000002221                900002507           09      00        
0330002300076Z70976E1501ACE8D6FE6D1A6                                         PGTFORNB24122012900002507                                                                                                                               00        
0330002300077J00023791555700001720553395061180232852800028140ROCHESTER DISTRIBUIDORA DE AUT24122012000000000172055000000000000000000000000000000241220120000000001720550000000000000002222                900002508           09      00        
0330002300078Z70976E17638F7D84055E352                                         PGTFORNB24122012900002508                                                                                                                               00        
0330002300079J00034195555700000330001090004716933048092666000SAF DIESEL VEICULOS LTDA      24122012000000000033000000000000000000000000000000000241220120000000000330000000000000000002223                900002509           09      00        
0330002300080Z70976E11B31D4A9582855AB                                         PGTFORNB24122012900002509                                                                                                                               00        
0330002300081J00023792555700000405904130074130005857400050880SOUZA RAMOS COM E IMP LTDA    24122012000000000040590000000000000000000000000000000241220120000000000405900000000000000002224                900002510           09      00        
0330002300082Z70976E1CB33F0E4C2EB0570                                         PGTFORNB24122012900002510                                                                                                                               00        
0330002300083J00023791555700000613184130074130005849900050880SOUZA RAMOS COM E IMP LTDA    24122012000000000061318000000000000000000000000000000241220120000000000613180000000000000002225                900002511           09      00        
0330002300084Z70976E1EF9D3EC01EDBB3FD                                         PGTFORNB24122012900002511                                                                                                                               00        
0330002300085J00023799555700000400554130074130006027900050880SOUZA RAMOS COM E IMP LTDA    24122012000000000040055000000000000000000000000000000241220120000000000400550000000000000002226                900002512           09      00        
0330002300086Z70976E19A398E28D0B1FF55                                         PGTFORNB24122012900002512                                                                                                                               00        
0330002300087J00039998555700000097861764364081304540079149001BANCO SOFISA SA               24122012000000000009786000000000000000000000000000000241220120000000000097860000000000000002228                900002513           09      00        
0330002300088Z70976E132CCCBF5987132B5                                         PGTFORNB24122012900002513                                                                                                                               00        
0330002300089J00039991555700000339641764364082104540079149001BANCO SOFISA SA               24122012000000000033964000000000000000000000000000000241220120000000000339640000000000000002229                900002514           09      00        
0330002300090Z70976E10FBD22FA85D146E9                                         PGTFORNB24122012900002514                                                                                                                               00        
0330002300091J00039997555700000849961764364083004540079149001BANCO SOFISA SA               24122012000000000084996000000000000000000000000000000241220120000000000849960000000000000002230                900002515           09      00        
0330002300092Z70976E12869E9746E8F0FF6                                         PGTFORNB24122012900002515                                                                                                                               00        
0330002300093J00039999555700000268641764364084804540079149001BANCO SOFISA SA               24122012000000000026864000000000000000000000000000000241220120000000000268640000000000000002231                900002516           09      00        
0330002300094Z70976E159E385205819DDD1                                         PGTFORNB24122012900002516                                                                                                                               00        
0330002300095J00040996555500000780005267115800100200071377448UNIMED SALTO/ITU COOP TRAB MED22122012000000000078000000000000000000000000000000000241220120000000000780000000000000000002232                900002517           09      00        
0330002300096Z70976E1D7D6175C690D552F                                         PGTFORNB24122012900002517                                                                                                                               00        
0330002300097J00023791000000000000002025062025186022500001600BARROS E FILHOS LTDA          24122012000000000138744000000000000000000000000000000241220120000000001387440000000000000002233                900002518           09      00        
0330002300098Z70976E10CD688F8FE0A2616                                         PGTFORNB24122012900002518                                                                                                                               00        
0330002300099J00034193555500000151491126812202920249809195000DRIVEWAY INDUSTRIA BRASILEIRA 22122012000000000015149000000000000000000000000000000241220120000000000151490000000000000002237                900002519           09      00        
0330002300100Z70976E1E58629863F827C9E                                         PGTFORNB24122012900002519                                                                                                                               00        
0330002300101J00034192555500023730491126812203000249809195000DRIVEWAY INDUSTRIA BRASILEIRA 22122012000000002373049000000000000000000000000000000241220120000000023730490000000000000002238                900002520           09      00        
0330002300102Z70976E1072A11E75F811132                                         PGTFORNB24122012900002520                                                                                                                               00        
0330002300103J00023798555600000508112709091323535006900148090GUETTI COML ATACADISTA LTDA   23122012000000000050811000000000000000000000000000000241220120000000000508110000000000000002239                900002521           09      00        
0330002300104Z70976E1117B06E5AE8D3A03                                         PGTFORNB24122012900002521                                                                                                                               00        
0330002300105J00023791555700000897672372196600098387300360080TELEFONICA BRASIL S/A         24122012000000000089767000000000000000000000000000000241220120000000000897670000000000000002240                900002522           09      00        
0330002300106Z70976E1E5C60FD5E30F33EC                                         PGTFORNB24122012900002522                                                                                                                               00        
0330002300107J00034194555600000019371125473523132938000052000EATON LTDA                    23122012000000000001937000000000000000000000000000000241220120000000000019370000000000000002169                900002460           09      00        
0330002300108Z70976E1D2A53C01D185505A                                         PGTFORNB24122012900002460                                                                                                                               00        
0330002300109J00034199555600001242221125473518282938000052000EATON LTDA                    23122012000000000124222000000000000000000000000000000241220120000000001242220000000000000002170                900002461           09      00        
0330002300110Z70976E18617E0E31B22113B                                         PGTFORNB24122012900002461                                                                                                                               00        
0330002300111J00034199555600000112071125853588592938000052000EATON LTDA                    23122012000000000011207000000000000000000000000000000241220120000000000112070000000000000002171                900002462           09      00        
0330002300112Z70976E1D8894B242AF9E774                                         PGTFORNB24122012900002462                                                                                                                               00        
0330002300113J00034191555600000487931125853581802938000052000EATON LTDA                    23122012000000000048793000000000000000000000000000000241220120000000000487930000000000000002172                900002463           09      00        
0330002300114Z70976E11B25590C0EA04D7E                                         PGTFORNB24122012900002463                                                                                                                               00        
0330002300115J00034193555600000483331090008617052938050420000ITA PECAS PARA VEIC COM E SERV23122012000000000048333000000000000000000000000000000241220120000000000483330000000000000002173                900002464           09      00        
0330002300116Z70976E19BF3B3BB2CE70698                                         PGTFORNB24122012900002464                                                                                                                               00        
0330002300117J00023791555600000520623394090000011722400324600MORELATE DISTRIBUIDORA DE AUTO23122012000000000052062000000000000000000000000000000241220120000000000520620000000000000002174                900002465           09      00        
0330002300118Z70976E149AE04C411255725                                         PGTFORNB24122012900002465                                                                                                                               00        
0330002300119J00000198555600000394400000001216979442731624431NOVA DISTRIBUIDORA DE VEICULOS23122012000000000039440000000000000000000000000000000241220120000000000394400000000000000002175                900002466           09      00        
0330002300120Z70976E1E2D765D691DD7BB8                                         PGTFORNB24122012900002466                                                                                                                               00        
0330002300121J00000195555600000202990000001216979442731500431NOVA DISTRIBUIDORA DE VEICULOS23122012000000000020299000000000000000000000000000000241220120000000000202990000000000000002176                900002467           09      00        
0330002300122Z70976E1A3465AF5BE03FCEC                                         PGTFORNB24122012900002467                                                                                                                               00        
0330002300123J00023798555600000903922500090256568793400000340ODAPEL DISTRIBUIDORA DE AUTO P23122012000000000090392000000000000000000000000000000241220120000000000903920000000000000002177                900002468           09      00        
0330002300124Z70976E13C80230C879AAC1C                                         PGTFORNB24122012900002468                                                                                                                               00        
0330002300125J00023791555600000351883395061180232851300028140ROCHESTER DISTRIBUIDORA DE AUT23122012000000000035188000000000000000000000000000000241220120000000000351880000000000000002178                900002469           09      00        
0330002300126Z70976E164D53CA42277698A                                         PGTFORNB24122012900002469                                                                                                                               00        
0330002300127J00023793555600000257930545090000031094300705060TONINI DISTRIBUIDORA LTDA     23122012000000000025793000000000000000000000000000000241220120000000000257930000000000000002179                900002470           09      00        
0330002300128Z70976E14B72406A4049604D                                         PGTFORNB24122012900002470                                                                                                                               00        
0330002300129J00023796555600005096113178300000005509400421060TUPER DISTRIB. PROD. METALURGI23122012000000000509611000000000000000000000000000000241220120000000005096110000000000000002180                900002471           09      00        
0330002300130Z70976E1261CC7517C695DC2                                         PGTFORNB24122012900002471                                                                                                                               00        
0330002300131J00000192555600001717398516950938003510000386218VOBER IND E COM LTDA          23122012000000000171739000000000000000000000000000000241220120000000001717390000000000000002181                900002472           09      00        
0330002300132Z70976E18CC05FB9447A9186                                         PGTFORNB24122012900002472                                                                                                                               00        
0330002300133J00034196555700002215001126649475157460278760000ASTRO TECNOLOGIA I C LTDA     24122012000000000221500000000000000000000000000000000241220120000000002215000000000000000002182                900002473           09      00        
0330002300134Z70976E1181FE0BF86412F5D                                         PGTFORNB24122012900002473                                                                                                                               00        
0330002300135J00023799555700000191453371090000833805200719500AVEBRAZ COMERCIO DE VEICULOS E24122012000000000019145000000000000000000000000000000241220120000000000191450000000000000002183                900002474           09      00        
0330002300136Z70976E190BF571188DD0CE7                                         PGTFORNB24122012900002474                                                                                                                               00        
0330002300137J00023797555700000147733392022333000008601078310BIBAS COM INTERNACIONAL LTDA  24122012000000000014773000000000000000000000000000000241220120000000000147730000000000000002185                900002475           09      00        
0330002300138Z70976E1A908032E1C76EFCD                                         PGTFORNB24122012900002475                                                                                                                               00        
0330002300139J00034191555500000164001125828270882938000052000EATON LTDA                    22122012000000000016400000000000000000000000000000000241220120000000000164000000000000000002144                900002435           09      00        
0330002300140Z70976E1051080C3A3A7191E                                         PGTFORNB24122012900002435                                                                                                                               00        
0330002300141J00039992555500000191101762579634208740019436001FARIA VEICULOS LTDA           22122012000000000019110000000000000000000000000000000241220120000000000191100000000000000002145                900002436           09      00        
0330002300142Z70976E18882C72436F0BB2A                                         PGTFORNB24122012900002436                                                                                                                               00        
0330002300143J00023791555500000108003372190000001219805069000FELIVEL DISTR CAMINHOES LTDA  22122012000000000010800000000000000000000000000000000241220120000000000108000000000000000002146                900002437           09      00        
0330002300144Z70976E1F405A1FA3B176651                                         PGTFORNB24122012900002437                                                                                                                               00        
0330002300145J00023792555500000712802386092305000002000028910FERROL IND E COM LTDA         22122012000000000071280000000000000000000000000000000241220120000000000712800000000000000002147                900002438           09      00        
0330002300146Z70976E1E739075089721065                                         PGTFORNB24122012900002438                                                                                                                               00        
0330002300147J00034193555500015071621126748499665574053863000FAROL FOMENTO MERCANTIL LTDA  22122012000000001507162000000000000000000000000000000241220120000000015071620000000000000002148                900002439           09      00        
0330002300148Z70976E183833A0CB2962A01                                         PGTFORNB24122012900002439                                                                                                                               00        
0330002300149J00034197555500000193691570894417200545256935000J M CHAVES CARBURADORES ME    22122012000000000019369000000000000000000000000000000241220120000000000193690000000000000002149                900002440           09      00        
0330002300150Z70976E1643A029AB53F1175                                         PGTFORNB24122012900002440                                                                                                                               00        
0330002300151J00034197555700000112071125872053892938000052000EATON LTDA                    24122012000000000011207000000000000000000000000000000241220120000000000112070000000000000002203                900002490           09      00        
0330002300152Z70976E116CFE31DAF5DEFFA                                         PGTFORNB24122012900002490                                                                                                                               00        
0330002300153J00034191555700013249671090304205000109276204000GIRANDO COMERCIO DE PECAS LTDA24122012000000001324967000000000000000000000000000000241220120000000013249670000000000000002204                900002491           09      00        
0330002300154Z70976E1A88749D651850B01                                         PGTFORNB24122012900002491                                                                                                                               00        
0330002300155J00034196555700000162401090304208230109276204000GIRANDO COMERCIO DE PECAS LTDA24122012000000000016240000000000000000000000000000000241220120000000000162400000000000000002205                900002492           09      00        
0330002300156Z70976E106B1106F6EB60328                                         PGTFORNB24122012900002492                                                                                                                               00        
0330002300157J00034192555700000161511090304204430109276204000GIRANDO COMERCIO DE PECAS LTDA24122012000000000016151000000000000000000000000000000241220120000000000161510000000000000002206                900002493           09      00        
0330002300158Z70976E1617682F9D936F754                                         PGTFORNB24122012900002493                                                                                                                               00        
0330002300159J00023799555700001235591911092270000002600178030LNG IMP EXP DE AUTOPECAS LTDA 24122012000000000123559000000000000000000000000000000241220120000000001235590000000000000002207                900002494           09      00        
0330002300160Z70976E14C0F113BFC5C2550                                         PGTFORNB24122012900002494                                                                                                                               00        
0330002300161J00023791555700000749983372097672311469600767230MAGGI VEICULOS LTDA           24122012000000000074998000000000000000000000000000000241220120000000000749980000000000000002208                900002495           09      00        
0330002300162Z70976E1893DF0A8D1163246                                         PGTFORNB24122012900002495                                                                                                                               00        
0330002300163J00023795555700000952983394090000011789500324600MORELATE DISTRIBUIDORA DE AUTO24122012000000000095298000000000000000000000000000000241220120000000000952980000000000000002209                900002496           09      00        
0330002300164Z70976E182B85FCDC4B8486D                                         PGTFORNB24122012900002496                                                                                                                               00        
0330002300165J00023798555700005298372500090256568898500000340ODAPEL DISTRIBUIDORA DE AUTO P24122012000000000529837000000000000000000000000000000241220120000000005298370000000000000002210                900002497           09      00        
0330002300166Z70976E143661059965FE1FD                                         PGTFORNB24122012900002497                                                                                                                               00        
0330002300167J00039993555700000472098144666838204540096965001PELLEGRINO DISTRIBUIDORA DE AU24122012000000000047209000000000000000000000000000000241220120000000000472090000000000000002212                900002498           09      00        
0330002300168Z70976E1871AD3C5F7C19954                                         PGTFORNB24122012900002498                                                                                                                               00        
0330002300169J00034199555500000047101126124247080076000777000CENTER PECAS FABBRI LTDA      22122012000000000004710000000000000000000000000000000241220120000000000047100000000000000002136                900002427           09      00        
0330002300170Z70976E11A61C40379A1E0D7                                         PGTFORNB24122012900002427                                                                                                                               00        
0330002300171J00034199555500004291471126812203260249809195000DRIVEWAY INDUSTRIA BRASILEIRA 22122012000000000429147000000000000000000000000000000241220120000000004291470000000000000002137                900002428           09      00        
0330002300172Z70976E1A8E622168DA92361                                         PGTFORNB24122012900002428                                                                                                                               00        
0330002300173J00034196555500014648761126812204330249809195000DRIVEWAY INDUSTRIA BRASILEIRA 22122012000000001464876000000000000000000000000000000241220120000000014648760000000000000002138                900002429           09      00        
0330002300174Z70976E1C0B4AAC117E877D8                                         PGTFORNB24122012900002429                                                                                                                               00        
0330002300175J00034192555500000825761125403475422938000052000EATON LTDA                    22122012000000000082576000000000000000000000000000000241220120000000000825760000000000000002139                900002430           09      00        
0330002300176Z70976E1D4B45BB299072D94                                         PGTFORNB24122012900002430                                                                                                                               00        
0330002300177J00034192555500000779281126298664042938000052000EATON LTDA                    22122012000000000077928000000000000000000000000000000241220120000000000779280000000000000002140                900002431           09      00        
0330002300178Z70976E162762CE79550B01B                                         PGTFORNB24122012900002431                                                                                                                               00        
0330002300179J00034194555500000096421126298664612938000052000EATON LTDA                    22122012000000000009642000000000000000000000000000000241220120000000000096420000000000000002141                900002432           09      00        
0330002300180Z70976E1CAE18A75C2BC8DC1                                         PGTFORNB24122012900002432                                                                                                                               00        
0330002300181J00034194555500001944481126298662302938000052000EATON LTDA                    22122012000000000194448000000000000000000000000000000241220120000000001944480000000000000002142                900002433           09      00        
0330002300182Z70976E1F5D1D1794B47C7FA                                         PGTFORNB24122012900002433                                                                                                                               00        
0330002300183J00034199555500000124141125828249452938000052000EATON LTDA                    22122012000000000012414000000000000000000000000000000241220120000000000124140000000000000002143                900002434           09      00        
0330002300184Z70976E1B31FF10CD5D5E629                                         PGTFORNB24122012900002434                                                                                                                               00        
0330002300185J00034198555700000473661125373884420466660099000POLO COMERCIO INTERNACIONAL LT24122012000000000047366000000000000000000000000000000241220120000000000473660000000000000002216                900002502           09      00        
0330002300186Z70976E1FB2AC2444F98FEAB                                         PGTFORNB24122012900002502                                                                                                                               00        
0330002300187J00039993555700002689172315328706605313093513001REAL MOTO PECAS LTDA          24122012000000000268917000000000000000000000000000000241220120000000002689170000000000000002217                900002503           09      00        
0330002300188Z70976E1A976BAFBDFA36F24                                         PGTFORNB24122012900002503                                                                                                                               00        
0330002300189J00039991555700000508642315311589305313093513001REAL MOTO PECAS LTDA          24122012000000000050864000000000000000000000000000000241220120000000000508640000000000000002218                900002504           09      00        
0330002300190Z70976E1146B01BD400711EA                                         PGTFORNB24122012900002504                                                                                                                               00        
0330002300191J00039991555700001314992315331778005313093513001REAL MOTO PECAS LTDA          24122012000000000131499000000000000000000000000000000241220120000000001314990000000000000002219                900002505           09      00        
0330002300192Z70976E123A0F1DB6D48DF86                                         PGTFORNB24122012900002505                                                                                                                               00        
03300025         000194000000000014059091000000000000000000311224                                                                                                                                                                               
03399999         000002000210000000                                                                                                                                                                                                             
