03300000         2054375370001370033006500490028050300065 0000480000414 AUTO GERAL DE ITU LTDA        SANTANDER                               21001201302390700014906000000                                                                     
03300011C2030030 2054375370001370033006500490028050300065 0000480000414 AUTO GERAL DE ITU LTDA                                                                              00000                                   00000000                    
0330001300001J00003391557400000014009213650300000178473030102SINDICATO DOS EMPREGADOS NO CO10012013000000000001400000000000000000000000000000000100120130000000000014000000000000000002760                900003012           09      00        
0330001300002Z70976E15B23B13002CFC67E                                         PGTFORNB10012013900003012                                                                                                                               00        
03300015         000004000000000000001400000000000000000000300110                                                                                                                                                                               
03300021C2031030 2054375370001370033006500490028050300065 0000480000414 AUTO GERAL DE ITU LTDA                                                                              00000                                   00000000                    
0330002300001J00023791557400000182003372090000016221705040000ABRAO REZE COM DE VEICULOS LTD10012013000000000018200000000000000000000000000000000100120130000000000182000000000000000002726                900003013           09      00        
0330002300002Z70976E1474930193F9C1D57                                         PGTFORNB10012013900003013                                                                                                                               00        
0330002300003J00034191557400000015001127165267540076004985000UNIMED SOROCABA COOP TRABALHO 10012013000000000001500000000000000000000000000000000100120130000000000015000000000000000002752                900003037           09      00        
0330002300004Z70976E16982A3576BF65619                                         PGTFORNB10012013900003037                                                                                                                               00        
0330002300005J00034193557400008222431127165267470076004985000UNIMED SOROCABA COOP TRABALHO 10012013000000000822243000000000000000000000000000000100120130000000008222430000000000000002753                900003038           09      00        
0330002300006Z70976E1710CC4F882B5041A                                         PGTFORNB10012013900003038                                                                                                                               00        
0330002300007J00040998557400013259765267115800100200071418845UNIMED SALTO/ITU COOP TRAB MED10012013000000001325976000000000000000000000000000000100120130000000013259760000000000000002754                900003039           09      00        
0330002300008Z70976E110B9846F5EEC5647                                         PGTFORNB10012013900003039                                                                                                                               00        
0330002300009J00040997557400001668005267115800100200071420327UNIMED SALTO/ITU COOP TRAB MED10012013000000000166800000000000000000000000000000000100120130000000001668000000000000000002755                900003040           09      00        
0330002300010Z70976E103352E82177B645B                                         PGTFORNB10012013900003040                                                                                                                               00        
0330002300011J00034191557400000000001750175503428052145193000SINDICATO DOS EMPREGADOS NO CO10012013000000000285642000000000000000000000000000000100120130000000002856420000000000000002756                900003041           09      00        
0330002300012Z70976E185EAF4545607303E                                         PGTFORNB10012013900003041                                                                                                                               00        
0330002300013J00034199557400000000001750175503598052145193000SINDICATO DOS EMPREGADOS NO CO10012013000000000101225000000000000000000000000000000100120130000000001012250000000000000002757                900003042           09      00        
0330002300014Z70976E16F18A498A049D543                                         PGTFORNB10012013900003042                                                                                                                               00        
0330002300015J00034194557400000000001750175503678052145193000SINDICATO DOS EMPREGADOS NO CO10012013000000000038850000000000000000000000000000000100120130000000000388500000000000000002758                900003043           09      00        
0330002300016Z70976E162B283CD8BA3BF53                                         PGTFORNB10012013900003043                                                                                                                               00        
0330002300017J00034198557400000000001750175932018052145193000SINDICATO DOS EMPREGADOS NO CO10012013000000000020733000000000000000000000000000000100120130000000000207330000000000000002759                900003044           09      00        
0330002300018Z70976E1673BFFE16D7DB5B7                                         PGTFORNB10012013900003044                                                                                                                               00        
0330002300019J00034195557400000014001750178498198052144022000SINDICATO DOS EMPREGADOS NO CO10012013000000000001400000000000000000000000000000000100120130000000000014000000000000000002761                900003045           09      00        
0330002300020Z70976E1844A72C92E268A7D                                         PGTFORNB10012013900003045                                                                                                                               00        
0330002300021J00034196557400000014001750178473188052144022000SINDICATO DOS EMPREGADOS NO CO10012013000000000001400000000000000000000000000000000100120130000000000014000000000000000002762                900003046           09      00        
0330002300022Z70976E184F6F82AD13C1D9F                                         PGTFORNB10012013900003046                                                                                                                               00        
0330002300023J00034199557400000035001750178472928052144022000SINDICATO DOS EMPREGADOS NO CO10012013000000000003500000000000000000000000000000000100120130000000000035000000000000000002763                900003047           09      00        
0330002300024Z70976E165F113F81E1BFA4E                                         PGTFORNB10012013900003047                                                                                                                               00        
0330002300025J00010495557600000000008223380113031200300612098SIND. DOS COND. DE VEICULOS RO12012013000000000002900000000000000000000000000000000100120130000000000029000000000000000002764                900003048           09      00        
0330002300026Z70976E1B4E1B886F52AE4A8                                         PGTFORNB10012013900003048                                                                                                                               00        
0330002300027J00034196000000000918671750446129662938010580000EMPRESA BRASILEIRA DE TELECOMU10012013000000000091867000000000000000000000000000000100120130000000000918670000000000000002765                900003049           09      00        
0330002300028Z70976E1F3EBEDDBEDD2E0DC                                         PGTFORNB10012013900003049                                                                                                                               00        
0330002300029J00023794557400000087673371090000833846300719500AVEBRAZ COMERCIO DE VEICULOS E10012013000000000008767000000000000000000000000000000100120130000000000087670000000000000002727                900003014           09      00        
0330002300030Z70976E1D39BFE3F8796BD46                                         PGTFORNB10012013900003014                                                                                                                               00        
0330002300031J00000191557400000530460443560576033620000200231BAP AUTOMOTIVA LTDA           10012013000000000053046000000000000000000000000000000100120130000000000530460000000000000002728                900003015           09      00        
0330002300032Z70976E1045A477D27F1B451                                         PGTFORNB10012013900003015                                                                                                                               00        
0330002300033J00023791557400000990003114091294905608101763000BANCO SAFRA S/A               10012013000000000099000000000000000000000000000000000100120130000000000990000000000000000002729                900003016           09      00        
0330002300034Z70976E13DBBC33E742AD55D                                         PGTFORNB10012013900003016                                                                                                                               00        
0330002300035J00023792557400000375550495092352000020000995600CAOA CAMINHOES LTDA           10012013000000000037555000000000000000000000000000000100120130000000000375550000000000000002730                900003017           09      00        
0330002300036Z70976E1534557CD4832CCFF                                         PGTFORNB10012013900003017                                                                                                                               00        
0330002300037J00023791557400000486763003092352000014401171000BANCO RENDIMENTO S/A          10012013000000000048676000000000000000000000000000000100120130000000000486760000000000000002731                900003018           09      00        
0330002300038Z70976E10B82372A2E028161                                         PGTFORNB10012013900003018                                                                                                                               00        
0330002300039J00034193557400000441501126905559020076000777000CENTER PECAS FABBRI LTDA      10012013000000000044150000000000000000000000000000000100120130000000000441500000000000000002732                900003019           09      00        
0330002300040Z70976E16FD258307653F532                                         PGTFORNB10012013900003019                                                                                                                               00        
0330002300041J00023798557400000296513389092352000010500120490CHG AUTOMOTIVA LTDA           10012013000000000029651000000000000000000000000000000100120130000000000296510000000000000002733                900003020           09      00        
0330002300042Z70976E194D969E760448560                                         PGTFORNB10012013900003020                                                                                                                               00        
0330002300043J00023799557400002662303396092356000000500008270CINPAL CIA IND DE PECAS P/ AUT10012013000000000266230000000000000000000000000000000100120130000000002662300000000000000002734                900003021           09      00        
0330002300044Z70976E1FAF593ADD619ADC6                                         PGTFORNB10012013900003021                                                                                                                               00        
0330002300045J00023796557400000404453262090000032967300935470COMDIP COMERCIAL DISTR DE PECA10012013000000000040445000000000000000000000000000000100120130000000000404450000000000000002735                900003022           09      00        
0330002300046Z70976E1FEB72EC57A337018                                         PGTFORNB10012013900003022                                                                                                                               00        
0330002300047J00023792557400000350003398190000022706201324600DIBRACAM COMERCIAL LTDA       10012013000000000035000000000000000000000000000000000100120130000000000350000000000000000002736                900003023           09      00        
0330002300048Z70976E13DB47202A6C67962                                         PGTFORNB10012013900003023                                                                                                                               00        
0330002300049J00023797557400000318640138092341000004301370000BBL SISTEMAS OPERACIONAIS LTDA10012013000000000031864000000000000000000000000000000100120130000000000318640000000000000002737                900003024           09      00        
0330002300050Z70976E138A98DE70C580905                                         PGTFORNB10012013900003024                                                                                                                               00        
0330002300051J00034197557400000758131126874986372938107808000ELIVEL AUTOMOTORES LTDA       10012013000000000075813000000000000000000000000000000100120130000000000758130000000000000002738                900003025           09      00        
0330002300052Z70976E1C3DDB96A3B270AF5                                         PGTFORNB10012013900003025                                                                                                                               00        
0330002300053J00034194557400000813341570823217078169066506000GUPE DISTR DE AUTOPECAS LTDA  10012013000000000081334000000000000000000000000000000100120130000000000813340000000000000002739                900003026           09      00        
0330002300054Z70976E19BFA9615AD94EFB0                                         PGTFORNB10012013900003026                                                                                                                               00        
0330002300055J00023794557400002379002199090000011695600203330JBI COMERCIAL DE PLASTICOS REF10012013000000000237900000000000000000000000000000000100120130000000002379000000000000000002740                900003027           09      00        
0330002300056Z70976E136196E9E530EA702                                         PGTFORNB10012013900003027                                                                                                                               00        
0330002300057J00000195557400002542140443476594634280000630911JOFUND S/A                    10012013000000000254214000000000000000000000000000000100120130000000002542140000000000000002741                900003028           09      00        
0330002300058Z70976E1C33E936F818CF6E8                                         PGTFORNB10012013900003028                                                                                                                               00        
0330002300059J00000191557400001669320443476594934280000630911JOFUND S/A                    10012013000000000166932000000000000000000000000000000100120130000000001669320000000000000002742                900003029           09      00        
0330002300060Z70976E16B0DB5628B3244B9                                         PGTFORNB10012013900003029                                                                                                                               00        
0330002300061J00023798557400000707462718091330020147800139900LG FIXACAO COM AUTO PECAS LTDA10012013000000000070746000000000000000000000000000000100120130000000000707460000000000000002743                900003030           09      00        
0330002300062Z70976E12CD8DD777AD0DFC6                                         PGTFORNB10012013900003030                                                                                                                               00        
0330002300063J00023793557400000174323372097672307842000536350MAGGI MOTOS LTDA              10012013000000000017432000000000000000000000000000000100120130000000000174320000000000000002744                900003031           09      00        
0330002300064Z70976E14309555BD525FF57                                         PGTFORNB10012013900003031                                                                                                                               00        
0330002300065J00023795557400000659103394090000014077800324600MORELATE DISTRIBUIDORA DE AUTO10012013000000000065910000000000000000000000000000000100120130000000000659100000000000000002745                900003032           09      00        
0330002300066Z70976E1F47C6F3EFE15C4B3                                         PGTFORNB10012013900003032                                                                                                                               00        
0330002300067J00000191557400003002800000002108330000000659317PECA MAIS COMERCIO DE AUTO PEC10012013000000000300280000000000000000000000000000000100120130000000003002800000000000000002746                900003033           09      00        
0330002300068Z70976E12FB7938E2DC4C6F2                                         PGTFORNB10012013900003033                                                                                                                               00        
0330002300069J00034194557400003825771127275105160191074004000POLIPECAS COMERCIAL E IMPORTAD10012013000000000382577000000000026780000000000000000100120130000000003557970000000000000002747                900003034           09      00        
0330002300070Z70976E1A742E40F18E79871                                         PGTFORNB10012013900003034                                                                                                                               00        
0330002300071J00034197557400000079151127301960224857950101000PUMA FUNDO DE INVEST D C NP MU10012013000000000007915000000000000000000000000000000100120130000000000079150000000000000002748                900003035           09      00        
0330002300072Z70976E1F23F34360158EC07                                         PGTFORNB10012013900003035                                                                                                                               00        
0330002300073J00034193557400004784841127301960304857950101000PUMA FUNDO DE INVEST D C NP MU10012013000000000478484000000000000000000000000000000100120130000000004784840000000000000002749                900003036           09      00        
0330002300074Z70976E17703982E692158FA                                         PGTFORNB10012013900003036                                                                                                                               00        
03300025         000076000000000005689377000000000000000000310110                                                                                                                                                                               
03300031C2003031 2054375370001370033006500490028050300065 0000480000414 AUTO GERAL DE ITU LTDA                                                                              00000                                   00000000                    
0330003300001A0007003410024900000000008897 DRIVEWAY INDUSTRIA BRASILEIRA 2750                10012013BRL000000000000000000000000038165900003010           10012013000000000038165                                        07          000        
0330003300002B   261270369000109                              00000                                                  00000000  100120130000000000381650000000000000000000000000000000000000000000000000000000000000000                00        
0330003300003Z70976E1C4A3E7743603A90D                                         PGTFORNB10012013900003010                                                                                                                               00        
0330003300004A0007000010154660000002050374 GERAL PARTS COM PECAS E ABRASI2751                10012013BRL000000000000000000000000013657900003011           10012013000000000013657                                        07          000        
0330003300005B   252472438000176                              00000                                                  00000000  100120130000000000136570000000000000000000000000000000000000000000000000000000000000000                00        
0330003300006Z70976E10705A0F6D75A9C50                                         PGTFORNB10012013900003011                                                                                                                               00        
03300035         000008000000000000051822000000000000000000030110                                                                                                                                                                               
03399999         000003000090000000                                                                                                                                                                                                             
