03300000         2054375370001370033006500490028050300065 0000480000414 AUTO GERAL DE ITU LTDA        SANTANDER                               20711201216354100003006000000                                                                     
03300011C2011030 2054375370001370033006500490028050300065 0000480000414 AUTO GERAL DE ITU LTDA                                                                              00000                                   00000000                    
0330001300001O00085810000051835601791211075500508054375370001FGTS GRF CONVENIO 0179        0711201207112012000000000518356535                 900000827                                                                               00        
0330001300002Z70976E182BB9C3467F896E8                                         PGTFORNB07112012900000827                                                                                                                               00        
0330001300003O00085840000010993701791211075500508054375370002FGTS GRF CONVENIO 0179        0711201207112012000000000109937536                 900000828                                                                               00        
0330001300004Z70976E172E4FE25B1E8D71E                                         PGTFORNB07112012900000828                                                                                                                               00        
0330001300005O00085880000014571101791211075500508054375370003FGTS GRF CONVENIO 0179        0711201207112012000000000145711537                 900000829                                                                               00        
0330001300006Z70976E1E045944E42D98499                                         PGTFORNB07112012900000829                                                                                                                               00        
0330001300007O00085880000007098501791211075500508054375370004FGTS GRF CONVENIO 0179        0711201207112012000000000070985538                 900000830                                                                               00        
0330001300008Z70976E169EB90B0C0C6EC62                                         PGTFORNB07112012900000830                                                                                                                               00        
0330001300009O00085850000015298801791211075500508054375370005FGTS GRF CONVENIO 0179        0711201207112012000000000152988539                 900000831                                                                               00        
0330001300010Z70976E1DCA09C9099DB555A                                         PGTFORNB07112012900000831                                                                                                                               00        
0330001300011O00085880000008834301791211075500508054375370006FGTS GRF CONVENIO 0179        0711201207112012000000000088343540                 900000832                                                                               00        
0330001300012Z70976E11D4DDEAACC0CE89E                                         PGTFORNB07112012900000832                                                                                                                               00        
03300015         000014000000000001086320000000000000000000111107                                                                                                                                                                               
03399999         000001000016000000                                                                                                                                                                                                             
