03300000         2054375370001370033006500490028050300065 0000480000414 AUTO GERAL DE ITU LTDA        SANTANDER                               21004201313182300031906000000                                                                     
03300011C2011030 2054375370001370033006500490028050300065 0000480000414 AUTO GERAL DE ITU LTDA                                                                              00000                                   00000000                    
0330001300001O00084650000001616402512013041029500000026404619NET SAO PAULO LTDA - SP       10042013100420130000000000161645793                900006077                                                                               00        
0330001300002Z70976E1A2DD2C75410AC309                                         PGTFORNB10042013900006077                                                                                                                               00        
03300015         000004000000000000016164000000000000000000110410                                                                                                                                                                               
03300021C2003031 2054375370001370033006500490028050300065 0000480000414 AUTO GERAL DE ITU LTDA                                                                              00000                                   00000000                    
0330002300001A0000182370055090000000002321 JAMAICA IND DE ARTEFATOS DE BO5795                10042013BRL000000000000000000000001060667900006025           10042013000000001060667                                        07          000        
0330002300002B   262157094000164                              00000                                                  00000000  100420130000000010606670000000000000000000000000000000000000000000000000000000000000000                00        
0330002300003Z70976E1A0B7103397622612                                         PGTFORNB10042013900006025                                                                                                                               00        
03300025         000005000000000001060667000000000000000000030410                                                                                                                                                                               
03399999         000002000011000000                                                                                                                                                                                                             
