03300000         2054375370001370033006500490028050300065 0000480000414 AUTO GERAL DE ITU LTDA        SANTANDER                               21501201302222700015806000000                                                                     
03300011C2030030 2054375370001370033006500490028050300065 0000480000414 AUTO GERAL DE ITU LTDA                                                                              00000                                   00000000                    
0330001300001J00003392557900001596009128344800001000366780101RADIO CIDADE DE ITU LTDA      15012013000000000159600000000000000000000000000000000150120130000000001596000000000000000002896                900003160           09      00        
0330001300002Z70976E10230D865C4F09CA3                                         PGTFORNB15012013900003160                                                                                                                               00        
03300015         000004000000000000159600000000000000000000300115                                                                                                                                                                               
03300021C2031030 2054375370001370033006500490028050300065 0000480000414 AUTO GERAL DE ITU LTDA                                                                              00000                                   00000000                    
0330002300001J00034198557900000864601127045517310009330481000ADERE PRODUTOS AUTO ADESIVOS L15012013000000000086460000000000000000000000000000000150120130000000000864600000000000000002876                900003161           09      00        
0330002300002Z70976E16578D6A7260F0BDF                                         PGTFORNB15012013900003161                                                                                                                               00        
0330002300003J00034197000000000496391750447695502938010580000EMPRESA BRASILEIRA DE TELECOMU15012013000000000049639000000000000000000000000000000150120130000000000496390000000000000002897                900003181           09      00        
0330002300004Z70976E181FE57BF19EC95DE                                         PGTFORNB15012013900003181                                                                                                                               00        
0330002300005J00000194557900000394000442641941119140000100711CDMD COM DE VEICULOS AUTOMOTOR15012013000000000039400000000000000000000000000000000150120130000000000394000000000000000002877                900003162           09      00        
0330002300006Z70976E120700D9F8E2588A6                                         PGTFORNB15012013900003162                                                                                                                               00        
0330002300007J00023792557900000303253262090000033202900935470COMDIP COMERCIAL DISTR DE PECA15012013000000000030325000000000000000000000000000000150120130000000000303250000000000000002878                900003163           09      00        
0330002300008Z70976E10A1625B0D57F295C                                         PGTFORNB15012013900003163                                                                                                                               00        
0330002300009J00034199557900000346341127177508742938036635000DAYCO POWER TRANSMISSION      15012013000000000034634000000000000000000000000000000150120130000000000346340000000000000002879                900003164           09      00        
0330002300010Z70976E18953780BBA966933                                         PGTFORNB15012013900003164                                                                                                                               00        
0330002300011J00034191557900000373161090007748092938050420000ITA PECAS PARA VEIC COM E SERV15012013000000000037316000000000000000000000000000000150120130000000000373160000000000000002880                900003165           09      00        
0330002300012Z70976E185A0AEB4B4A654DC                                         PGTFORNB15012013900003165                                                                                                                               00        
0330002300013J00023791557900000378801911092347000001400178030LNG IMP EXP DE AUTOPECAS LTDA 15012013000000000037880000000000000000000000000000000150120130000000000378800000000000000002881                900003166           09      00        
0330002300014Z70976E1F118DBCB4BC5FB6D                                         PGTFORNB15012013900003166                                                                                                                               00        
0330002300015J00023792557900000378801911092353000002700178030LNG IMP EXP DE AUTOPECAS LTDA 15012013000000000037880000000000000000000000000000000150120130000000000378800000000000000002882                900003167           09      00        
0330002300016Z70976E1675E450969619B35                                         PGTFORNB15012013900003167                                                                                                                               00        
0330002300017J00023798557900000219653394090000012852000324600MORELATE DISTRIBUIDORA DE AUTO15012013000000000021965000000000000000000000000000000150120130000000000219650000000000000002883                900003168           09      00        
0330002300018Z70976E169A33127C5D57290                                         PGTFORNB15012013900003168                                                                                                                               00        
0330002300019J00039991557900001384222315353346605313093513001REAL MOTO PECAS LTDA          15012013000000000138422000000000000000000000000000000150120130000000001384220000000000000002884                900003169           09      00        
0330002300020Z70976E1E8A3EEC704556F0A                                         PGTFORNB15012013900003169                                                                                                                               00        
0330002300021J00023796557900000108243178190000018274700421050TUPER DISTRIB. PROD. METALURGI15012013000000000010824000000000000000000000000000000150120130000000000108240000000000000002885                900003170           09      00        
0330002300022Z70976E1AF9FF597B4206A31                                         PGTFORNB15012013900003170                                                                                                                               00        
0330002300023J00034193557900000502111127040716152938012875000INDUSTRIAS ROMI SA            15012013000000000050211000000000000000000000000000000150120130000000000502110000000000000002886                900003171           09      00        
0330002300024Z70976E156310CA1F2B25B07                                         PGTFORNB15012013900003171                                                                                                                               00        
0330002300025J00034199557900000502111127040748172938012875000INDUSTRIAS ROMI SA            15012013000000000050211000000000000000000000000000000150120130000000000502110000000000000002887                900003172           09      00        
0330002300026Z70976E1C8D89E8A093903C4                                         PGTFORNB15012013900003172                                                                                                                               00        
0330002300027J00023791557900004148812002192352000022400001270INDUSTRIAS ROMI SA            15012013000000000414881000000000000000000000000000000150120130000000004148810000000000000002888                900003173           09      00        
0330002300028Z70976E1E7AF73AF9DF02BFA                                         PGTFORNB15012013900003173                                                                                                                               00        
0330002300029J00023791557900004148812002192352000036200001270INDUSTRIAS ROMI SA            15012013000000000414881000000000000000000000000000000150120130000000004148810000000000000002889                900003174           09      00        
0330002300030Z70976E18E315F11BD9FCF15                                         PGTFORNB15012013900003174                                                                                                                               00        
0330002300031J00034192557900009418521090001244440076635200000TV ALIANCA PAULISTA SA        15012013000000000941852000000000000000000000000000000150120130000000009418520000000000000002890                900003175           09      00        
0330002300032Z70976E1800915E565ADF45E                                         PGTFORNB15012013900003175                                                                                                                               00        
0330002300033J00034193557900002720001090001244360076635200000TV ALIANCA PAULISTA SA        15012013000000000272000000000000000000000000000000000150120130000000002720000000000000000002891                900003176           09      00        
0330002300034Z70976E190194DF78C10609E                                         PGTFORNB15012013900003176                                                                                                                               00        
0330002300035J00034195557900002354631571120203030513635268000OPPORTUNITY COMUN MARK LTDA   15012013000000000235463000000000000000000000000000000150120130000000002354630000000000000002892                900003177           09      00        
0330002300036Z70976E12E1914BF543C56DF                                         PGTFORNB15012013900003177                                                                                                                               00        
0330002300037J00034198557900000581861571120266560513635268000OPPORTUNITY COMUN MARK LTDA   15012013000000000058186000000000000000000000000000000150120130000000000581860000000000000002893                900003178           09      00        
0330002300038Z70976E1F268B775D9E0E150                                         PGTFORNB15012013900003178                                                                                                                               00        
0330002300039J00034198557900000680001571119867770513635268000OPPORTUNITY COMUN MARK LTDA   15012013000000000068000000000000000000000000000000000150120130000000000680000000000000000002894                900003179           09      00        
0330002300040Z70976E16C7B148A31E5BD5B                                         PGTFORNB15012013900003179                                                                                                                               00        
0330002300041J00023791557900002327433384060000011340103001430TV RECORD DE BAURU LTDA       15012013000000000232743000000000000000000000000000000150120130000000002327430000000000000002895                900003180           09      00        
0330002300042Z70976E1205200C67E4F0B94                                         PGTFORNB15012013900003180                                                                                                                               00        
03300025         000044000000000003263173000000000000000000310115                                                                                                                                                                               
03300031C2003031 2054375370001370033006500490028050300065 0000480000414 AUTO GERAL DE ITU LTDA                                                                              00000                                   00000000                    
0330003300001A0007000010154660000002050374 GERAL PARTS COM PECAS E ABRASI2905                15012013BRL000000000000000000000000003078900003158           15012013000000000003078                                        07          000        
0330003300002B   252472438000176                              00000                                                  00000000  150120130000000000030780000000000000000000000000000000000000000000000000000000000000000                00        
0330003300003Z70976E143FC1E85F693D20C                                         PGTFORNB15012013900003158                                                                                                                               00        
0330003300004A0007003410027800000000439302 BRASIL KIRIN IND DE BEBIDAS LT2906                15012013BRL000000000000000000000000020068900003159           15012013000000000020068                                        07          000        
0330003300005B   250221019000136                              00000                                                  00000000  150120130000000000200680000000000000000000000000000000000000000000000000000000000000000                00        
0330003300006Z70976E100DF1C712603B5B9                                         PGTFORNB15012013900003159                                                                                                                               00        
03300035         000008000000000000023146000000000000000000030115                                                                                                                                                                               
03399999         000003000058000000                                                                                                                                                                                                             
