03300000         2054375370001370033006500490028050300065 0000480000414 AUTO GERAL DE ITU LTDA        SANTANDER                               20201201304415400013206000000                                                                     
03300011C2030030 2054375370001370033006500490028050300065 0000480000414 AUTO GERAL DE ITU LTDA                                                                              00000                                   00000000                    
0330001300001J00003392556500000301949186167000000003986670104BACURITY COMERCIAL LTDA       01012013000000000030194000000000000000000000000000000020120130000000000301940000000000000002470                900002749           09      00        
0330001300002Z70976E174C4A0A891ACFFA6                                         PGTFORNB02012013900002749                                                                                                                               00        
0330001300003J00035691556600000153520689070323490000004896373DISTRIBUIDORA AUTOMOTIVA S/A  02012013000000000015352000000000000000000000000000000020120130000000000153520000000000000002497                900002785           09      00        
0330001300004Z70976E1E867179BD3AD4CA9                                         PGTFORNB02012013900002785                                                                                                                               00        
0330001300005J00035694556600000195630689070323480000004896127DISTRIBUIDORA AUTOMOTIVA S/A  02012013000000000019563000000000000000000000000000000020120130000000000195630000000000000002498                900002786           09      00        
0330001300006Z70976E1BDCF0861C1B413B9                                         PGTFORNB02012013900002786                                                                                                                               00        
0330001300007J00035695556600000333540689070323410000004896132DISTRIBUIDORA AUTOMOTIVA S/A  02012013000000000033354000000000000000000000000000000020120130000000000333540000000000000002500                900002787           09      00        
0330001300008Z70976E1B6D8770FEDA64C88                                         PGTFORNB02012013900002787                                                                                                                               00        
0330001300009J00035697556600000269930689070323470000004896334DISTRIBUIDORA AUTOMOTIVA S/A  02012013000000000026993000000000000000000000000000000020120130000000000269930000000000000002501                900002788           09      00        
0330001300010Z70976E162D2AE822C558526                                         PGTFORNB02012013900002788                                                                                                                               00        
0330001300011J00035698556600000254750689070323480000004896358DISTRIBUIDORA AUTOMOTIVA S/A  02012013000000000025475000000000000000000000000000000020120130000000000254750000000000000002502                900002789           09      00        
0330001300012Z70976E107BF941A9ED57084                                         PGTFORNB02012013900002789                                                                                                                               00        
0330001300013J00003399556600000208429513931700000103666280101DISTRIBUIDORA AUTOMOTIVA S/A  02012013000000000020842000000000000000000000000000000020120130000000000208420000000000000002496                900002750           09      00        
0330001300014Z70976E1C70862C33D459BD5                                         PGTFORNB02012013900002750                                                                                                                               00        
0330001300015J00003391556600000220469513931700000103668650101DISTRIBUIDORA AUTOMOTIVA S/A  02012013000000000022046000000000000000000000000000000020120130000000000220460000000000000002499                900002751           09      00        
0330001300016Z70976E1624CDA3F2239736C                                         PGTFORNB02012013900002751                                                                                                                               00        
0330001300017J00003396556600004710719482285400000091812960203JOFUND S/A                    02012013000000000471071000000000000000000000000000000020120130000000004710710000000000000002510                900002752           09      00        
0330001300018Z70976E1D425A091B8DF674F                                         PGTFORNB02012013900002752                                                                                                                               00        
0330001300019J00003396556600003128909376289000000000220390203JUNTAS SANTA CRUZ LTDA        02012013000000000312890000000000000000000000000000000020120130000000003128900000000000000002511                900002753           09      00        
0330001300020Z70976E1AB9FF3A63B1207CA                                         PGTFORNB02012013900002753                                                                                                                               00        
03300015         000022000000000000977780000000000000000000300102                                                                                                                                                                               
03300021C2031030 2054375370001370033006500490028050300065 0000480000414 AUTO GERAL DE ITU LTDA                                                                              00000                                   00000000                    
0330002300001J00034193556500000288671090001937840137627725000ALENAN COML DE PECAS E ACS LTD01012013000000000028867000000000000000000000000000000020120130000000000288670000000000000002464                900002754           09      00        
0330002300002Z70976E11E3F67CEA43B8150                                         PGTFORNB02012013900002754                                                                                                                               00        
0330002300003J00000191556600001798210000002175416000002968617SK AUTOMOTIVE S/A DISTR AUTOPE02012013000000000179821000000000000000000000000000000020120130000000001798210000000000000002520                900002805           09      00        
0330002300004Z70976E1954E55F190094020                                         PGTFORNB02012013900002805                                                                                                                               00        
0330002300005J00000196556600009743290000002175416000002968717SK AUTOMOTIVE S/A DISTR AUTOPE02012013000000000974329000000000000000000000000000000020120130000000009743290000000000000002521                900002806           09      00        
0330002300006Z70976E1A56985A327C662EA                                         PGTFORNB02012013900002806                                                                                                                               00        
0330002300007J00000199556600000708650000002175416000002968117SK AUTOMOTIVE S/A DISTR AUTOPE02012013000000000070865000000000000000000000000000000020120130000000000708650000000000000002522                900002807           09      00        
0330002300008Z70976E16A64FD4A570EA223                                         PGTFORNB02012013900002807                                                                                                                               00        
0330002300009J00000191556600002013180000002175416000002967917SK AUTOMOTIVE S/A DISTR AUTOPE02012013000000000201318000000000000000000000000000000020120130000000002013180000000000000002523                900002808           09      00        
0330002300010Z70976E1439CF45003C17172                                         PGTFORNB02012013900002808                                                                                                                               00        
0330002300011J00000191556600001381570000002175416000002968217SK AUTOMOTIVE S/A DISTR AUTOPE02012013000000000138157000000000000000000000000000000020120130000000001381570000000000000002524                900002809           09      00        
0330002300012Z70976E1BA91488596F74487                                         PGTFORNB02012013900002809                                                                                                                               00        
0330002300013J00023791556600000302290545090000031011700705060TONINI DISTRIBUIDORA LTDA     02012013000000000030229000000000000000000000000000000020120130000000000302290000000000000002525                900002810           09      00        
0330002300014Z70976E1039B620006847AFC                                         PGTFORNB02012013900002810                                                                                                                               00        
0330002300015J00023791556600000331810545090000030970400705060TONINI DISTRIBUIDORA LTDA     02012013000000000033181000000000000000000000000000000020120130000000000331810000000000000002526                900002811           09      00        
0330002300016Z70976E189A44238E18602C1                                         PGTFORNB02012013900002811                                                                                                                               00        
0330002300017J00039998556500001804398144667245204540096965001PELLEGRINO DISTRIBUIDORA DE AU01012013000000000180439000000000000000000000000000000020120130000000001804390000000000000002527                900002812           09      00        
0330002300018Z70976E1B4F5A28D62DBB1BD                                         PGTFORNB02012013900002812                                                                                                                               00        
0330002300019J00023797556500000698012372196600098875300360080TELEFONICA BRASIL S/A         01012013000000000069801000000000000000000000000000000020120130000000000698010000000000000002528                900002813           09      00        
0330002300020Z70976E1427994B578B7ECB6                                         PGTFORNB02012013900002813                                                                                                                               00        
0330002300021J00034195000000000000001219833123321012365225000PACAEMBU AUTO PECAS LTDA      01012013000000000121000000000000000000000000000000000020120130000000001210000000000000000002477                900002766           09      00        
0330002300022Z70976E1F1156923F1E0D179                                         PGTFORNB02012013900002766                                                                                                                               00        
0330002300023J00034194000000000000001219833123651012365225000PACAEMBU AUTO PECAS LTDA      01012013000000000175306000000000000000000000000000000020120130000000001753060000000000000002478                900002767           09      00        
0330002300024Z70976E1B93FFD104E12D06B                                         PGTFORNB02012013900002767                                                                                                                               00        
0330002300025J00034191000000000000001219833123731012365225000PACAEMBU AUTO PECAS LTDA      01012013000000000111680000000000000000000000000000000020120130000000001116800000000000000002479                900002768           09      00        
0330002300026Z70976E1C663BF03ABF966E6                                         PGTFORNB02012013900002768                                                                                                                               00        
0330002300027J00034191556500001593991126812627163048155083000PARQUE DIST SUPRIMENTOS PARA E01012013000000000159399000000000000000000000000000000020120130000000001593990000000000000002480                900002769           09      00        
0330002300028Z70976E1539BBA7F9B0C9780                                         PGTFORNB02012013900002769                                                                                                                               00        
0330002300029J00023794556500001728400151091323530031301251750PECA MAIS COMERCIO DE AUTO PEC01012013000000000172840000000000000000000000000000000020120130000000001728400000000000000002481                900002770           09      00        
0330002300030Z70976E172EB9E21C71E274F                                         PGTFORNB02012013900002770                                                                                                                               00        
0330002300031J00039996556500000844008144667233904540096965001PELLEGRINO DISTRIBUIDORA DE AU01012013000000000084400000000000000000000000000000000020120130000000000844000000000000000002482                900002771           09      00        
0330002300032Z70976E1C502E4870D39423B                                         PGTFORNB02012013900002771                                                                                                                               00        
0330002300033J00039998556500000457722696547716004540096965001PELLEGRINO DISTRIBUIDORA DE AU01012013000000000045772000000000000000000000000000000020120130000000000457720000000000000002483                900002772           09      00        
0330002300034Z70976E14FE2C133CA4C7FC5                                         PGTFORNB02012013900002772                                                                                                                               00        
0330002300035J00034191556500000744491127189428010191074004000POLIPECAS COMERCIAL E IMPORTAD01012013000000000074449000000000005211000000000000000020120130000000000692380000000000000002484                900002773           09      00        
0330002300036Z70976E174873413BA99F50B                                         PGTFORNB02012013900002773                                                                                                                               00        
0330002300037J00039991556500002689172315328708205313093513001REAL MOTO PECAS LTDA          01012013000000000268917000000000000000000000000000000020120130000000002689170000000000000002485                900002774           09      00        
0330002300038Z70976E11B240F7A1F44E861                                         PGTFORNB02012013900002774                                                                                                                               00        
0330002300039J00039998556500000275012315335083305313093513001REAL MOTO PECAS LTDA          01012013000000000027501000000000000000000000000000000020120130000000000275010000000000000002486                900002775           09      00        
0330002300040Z70976E1640408A98B67F6FA                                         PGTFORNB02012013900002775                                                                                                                               00        
0330002300041J00023799556500001070323389092354000003700491880TANCLICK DISTRIBUIDORA DE AUTO01012013000000000107032000000000000000000000000000000020120130000000001070320000000000000002487                900002776           09      00        
0330002300042Z70976E185A2C0E5F93702B1                                         PGTFORNB02012013900002776                                                                                                                               00        
0330002300043J00023797556600004711370329192349000011900024120AD PAPEIS LTDA                02012013000000000471137000000000000000000000000000000020120130000000004711370000000000000002488                900002777           09      00        
0330002300044Z70976E1B2DF871CBC8C1A0D                                         PGTFORNB02012013900002777                                                                                                                               00        
0330002300045J00023791556600000205203371090000833814900719500AVEBRAZ COMERCIO DE VEICULOS E02012013000000000020520000000000000000000000000000000020120130000000000205200000000000000002489                900002778           09      00        
0330002300046Z70976E191909FCD76EF5DA2                                         PGTFORNB02012013900002778                                                                                                                               00        
0330002300047J00023795556600000117603371090000833825100719500AVEBRAZ COMERCIO DE VEICULOS E02012013000000000011760000000000000000000000000000000020120130000000000117600000000000000002490                900002779           09      00        
0330002300048Z70976E166A337D344DAE49D                                         PGTFORNB02012013900002779                                                                                                                               00        
0330002300049J00000193556600000309891823850555929130010401917CAMPINAS DIESEL LTDA          02012013000000000030989000000000000000000000000000000020120130000000000309890000000000000002491                900002780           09      00        
0330002300050Z70976E1CAFF5295CED4D36A                                         PGTFORNB02012013900002780                                                                                                                               00        
0330002300051J00034195556600000015001126746200030076000777000CENTER PECAS FABBRI LTDA      02012013000000000001500000000000000000000000000000000020120130000000000015000000000000000002492                900002781           09      00        
0330002300052Z70976E1921269C779A7DC42                                         PGTFORNB02012013900002781                                                                                                                               00        
0330002300053J00034199556600000130201126648869450076000777000CENTER PECAS FABBRI LTDA      02012013000000000013020000000000000000000000000000000020120130000000000130200000000000000002493                900002782           09      00        
0330002300054Z70976E1EE243E47EB124F24                                         PGTFORNB02012013900002782                                                                                                                               00        
0330002300055J00034196556600000169001126648869600076000777000CENTER PECAS FABBRI LTDA      02012013000000000016900000000000000000000000000000000020120130000000000169000000000000000002494                900002783           09      00        
0330002300056Z70976E1E9401ABABFE0633E                                         PGTFORNB02012013900002783                                                                                                                               00        
0330002300057J00034193556600000419001126746199970076000777000CENTER PECAS FABBRI LTDA      02012013000000000041900000000000000000000000000000000020120130000000000419000000000000000002495                900002784           09      00        
0330002300058Z70976E145346DCDE5155563                                         PGTFORNB02012013900002784                                                                                                                               00        
0330002300059J00039991556500000519041766200022111960078237001BAP AUTOMOTIVA LTDA           01012013000000000051904000000000000000000000000000000020120130000000000519040000000000000002465                900002755           09      00        
0330002300060Z70976E1F7FC5C0A6B92E063                                         PGTFORNB02012013900002755                                                                                                                               00        
0330002300061J00039999556500001706251766200023011960078237001BAP AUTOMOTIVA LTDA           01012013000000000170625000000000000000000000000000000020120130000000001706250000000000000002466                900002756           09      00        
0330002300062Z70976E13F45D23F2DF8922A                                         PGTFORNB02012013900002756                                                                                                                               00        
0330002300063J00039991556500000932461766200021311960078237001BAP AUTOMOTIVA LTDA           01012013000000000093246000000000000000000000000000000020120130000000000932460000000000000002467                900002757           09      00        
0330002300064Z70976E15CBAE119405104CD                                         PGTFORNB02012013900002757                                                                                                                               00        
0330002300065J00034197556600001158931090000349760287323356000ESTAMPARIA PAULISTA IND. COM. 02012013000000000115893000000000000000000000000000000020120130000000001158930000000000000002503                900002790           09      00        
0330002300066Z70976E199997D8A3987287C                                         PGTFORNB02012013900002790                                                                                                                               00        
0330002300067J00023794556600000179743394090000013623400324600MORELATE DISTRIBUIDORA DE AUTO02012013000000000017974000000000000000000000000000000020120130000000000179740000000000000002515                900002800           09      00        
0330002300068Z70976E1861EC1C0E4603B32                                         PGTFORNB02012013900002800                                                                                                                               00        
0330002300069J00039992556600000280962696547671604540096965001PELLEGRINO DISTRIBUIDORA DE AU02012013000000000028096000000000000000000000000000000020120130000000000280960000000000000002516                900002801           09      00        
0330002300070Z70976E15BA8E14D5E3EA028                                         PGTFORNB02012013900002801                                                                                                                               00        
0330002300071J00034195556600000119991090304263250109276204000GIRANDO COMERCIO DE PECAS LTDA02012013000000000011999000000000000000000000000000000020120130000000000119990000000000000002504                900002791           09      00        
0330002300072Z70976E14DCCA80C8B8BF5BA                                         PGTFORNB02012013900002791                                                                                                                               00        
0330002300073J00034191556600000406151090304258300109276204000GIRANDO COMERCIO DE PECAS LTDA02012013000000000040615000000000000000000000000000000020120130000000000406150000000000000002505                900002792           09      00        
0330002300074Z70976E1AE5A1C20A03FDAE9                                         PGTFORNB02012013900002792                                                                                                                               00        
0330002300075J00034194556600000247991090304267700109276204000GIRANDO COMERCIO DE PECAS LTDA02012013000000000024799000000000000000000000000000000020120130000000000247990000000000000002506                900002793           09      00        
0330002300076Z70976E1DCE809B8A705BF39                                         PGTFORNB02012013900002793                                                                                                                               00        
0330002300077J00034194556600000423041090000197990242411544000GLOBAL FLEX IMPRESS FLEX LTDA 02012013000000000042304000000000000000000000000000000020120130000000000423040000000000000002507                900002794           09      00        
0330002300078Z70976E1B256288C707B937C                                         PGTFORNB02012013900002794                                                                                                                               00        
0330002300079J00010492556600005963000057102998700000000005712GOMES E CORA LTDA EPP         02012013000000000596300000000000000000000000000000000020120130000000005963000000000000000002508                900002795           09      00        
0330002300080Z70976E13735D26819B23E7A                                         PGTFORNB02012013900002795                                                                                                                               00        
0330002300081J00034193556600000591941090000458348052016014000IRMAOS FERRETI E CIA LTDA     02012013000000000059194000000000000000000000000000000020120130000000000591940000000000000002509                900002796           09      00        
0330002300082Z70976E17764313B8B5563C5                                         PGTFORNB02012013900002796                                                                                                                               00        
0330002300083J00023793556600002373700086092339000014300170000A FIRMA ASSESSORIA EM COBRANCA02012013000000000237370000000000000000000000000000000020120130000000002373700000000000000002512                900002797           09      00        
0330002300084Z70976E199BF582BD4D1724B                                         PGTFORNB02012013900002797                                                                                                                               00        
0330002300085J00000194556600002921961675225017504700000290517METALURGICA ADAMANTINA LTDA   02012013000000000292196000000000000000000000000000000020120130000000002921960000000000000002513                900002798           09      00        
0330002300086Z70976E1CCBA935F60B6D317                                         PGTFORNB02012013900002798                                                                                                                               00        
0330002300087J00023791556600001650000136092347000001301269910MEMORIAL COMERCIO DE PECAS LTD02012013000000000165000000000000000000000000000000000020120130000000001650000000000000000002514                900002799           09      00        
0330002300088Z70976E1ACA2EF4088493500                                         PGTFORNB02012013900002799                                                                                                                               00        
0330002300089J00039991556500005788971766200024811960078237001BAP AUTOMOTIVA LTDA           01012013000000000578897000000000000000000000000000000020120130000000005788970000000000000002468                900002758           09      00        
0330002300090Z70976E1146F525726A5DB72                                         PGTFORNB02012013900002758                                                                                                                               00        
0330002300091J00039996556500000252341766200020511960078237001BAP AUTOMOTIVA LTDA           01012013000000000025234000000000000000000000000000000020120130000000000252340000000000000002469                900002759           09      00        
0330002300092Z70976E1D079B69E50BA1D6C                                         PGTFORNB02012013900002759                                                                                                                               00        
0330002300093J00034199556500002856261090002998620278840913000CAPITAL EMBALAGENS DESCAT LTDA01012013000000000285626000000000000000000000000000000020120130000000002856260000000000000002471                900002760           09      00        
0330002300094Z70976E119353200D7E5DD26                                         PGTFORNB02012013900002760                                                                                                                               00        
0330002300095J00023791556500000143613389092354000015100120490CHG AUTOMOTIVA LTDA           01012013000000000014361000000000000000000000000000000020120130000000000143610000000000000002472                900002761           09      00        
0330002300096Z70976E172609E186C5BBFBD                                         PGTFORNB02012013900002761                                                                                                                               00        
0330002300097J00000194556500003215811610087234914830000770017CHG AUTOMOTIVA LTDA           01012013000000000321581000000000000000000000000000000020120130000000003215810000000000000002473                900002762           09      00        
0330002300098Z70976E15630A138A42BCB36                                         PGTFORNB02012013900002762                                                                                                                               00        
0330002300099J00000193556400007667050000001514623443544704611HAIRAM IND E COM DE AUTOPECAS 31122012000000000766705000000000000000000000000000000020120130000000007667050000000000000002474                900002763           09      00        
0330002300100Z70976E18B92874BB402E885                                         PGTFORNB02012013900002763                                                                                                                               00        
0330002300101J00000198556500000637010000001216979441306179731NOVA DISTRIBUIDORA DE VEICULOS01012013000000000063701000000000000000000000000000000020120130000000000637010000000000000002475                900002764           09      00        
0330002300102Z70976E1CEA0580A441A4640                                         PGTFORNB02012013900002764                                                                                                                               00        
0330002300103J00034191000000000000001219833123401012365225000PACAEMBU AUTO PECAS LTDA      01012013000000000655116000000000000000000000000000000020120130000000006551160000000000000002476                900002765           09      00        
0330002300104Z70976E1456DC95C50DBD962                                         PGTFORNB02012013900002765                                                                                                                               00        
0330002300105J00023792556600000265343484092341000054001129000PETRONAS LUBRIFICANTES BRASIL 02012013000000000026534000000000000000000000000000000020120130000000000265340000000000000002517                900002802           09      00        
0330002300106Z70976E17D8959E2E3C2ADEE                                         PGTFORNB02012013900002802                                                                                                                               00        
0330002300107J00023795556600010328873484092341000053401129000PETRONAS LUBRIFICANTES BRASIL 02012013000000001032887000000000000000000000000000000020120130000000010328870000000000000002518                900002803           09      00        
0330002300108Z70976E1DA9FD9733F6536D4                                         PGTFORNB02012013900002803                                                                                                                               00        
0330002300109J00023791556600001439043484092341000053701129000PETRONAS LUBRIFICANTES BRASIL 02012013000000000143904000000000000000000000000000000020120130000000001439040000000000000002519                900002804           09      00        
0330002300110Z70976E121CAEE4B2572B487                                         PGTFORNB02012013900002804                                                                                                                               00        
03300025         000112000000000009719879000000000000000000310102                                                                                                                                                                               
03300031C2003031 2054375370001370033006500490028050300065 0000480000414 AUTO GERAL DE ITU LTDA                                                                              00000                                   00000000                    
0330003300001A0007002370336770000000019291 MAX GEAR IND E COM DE AUTO PEC2534                02012013BRL000000000000000000000000237552900002748           02012013000000000237552                                        07          000        
0330003300002B   202821683000173                              00000                                                  00000000  020120130000000002375520000000000000000000000000000000000000000000000000000000000000000                00        
0330003300003Z70976E18E8A042E2ACEF83B                                         PGTFORNB02012013900002748                                                                                                                               00        
03300035         000005000000000000237552000000000000000000030102                                                                                                                                                                               
03399999         000003000141000000                                                                                                                                                                                                             
