03300000         2054375370001370033006500490028050300065 0000480000414 AUTO GERAL DE ITU LTDA        SANTANDER                               20802201302250600021106000000                                                                     
03300011C2031030 2054375370001370033006500490028050300065 0000480000414 AUTO GERAL DE ITU LTDA                                                                              00000                                   00000000                    
0330001300001J00023796560300019249363392023030000001000000550DRIVEWAY INDUSTRIA BRASILEIRA 08022013000000001924936000000000000000000000000000000080220130000000019249360000000000000003707                900003989           09      00        
0330001300002Z70976E145056BB159CBDF54                                         PGTFORNB08022013900003989                                                                                                                               00        
0330001300003J00034199560300010167961127889654190765884705000NEBLINELGA I ACES P/AUTO LTDA 08022013000000001016796000000000000000000000000000000080220130000000010167960000000000000003708                900003990           09      00        
0330001300004Z70976E11A28F240BEE486E0                                         PGTFORNB08022013900003990                                                                                                                               00        
0330001300005J00023792000000000000002025062025186043400001600BARROS E FILHOS LTDA          08022013000000000138328000000000000000000000000000000080220130000000001383280000000000000003709                900003991           09      00        
0330001300006Z70976E1E65D2D56D81135D8                                         PGTFORNB08022013900003991                                                                                                                               00        
03300015         000008000000000003080060000000000000000000310208                                                                                                                                                                               
03399999         000001000010000000                                                                                                                                                                                                             
