03300000         2054375370001370033006500490028050300065 0000480000414 AUTO GERAL DE ITU LTDA        SANTANDER                               21401201313170400015406000000                                                                     
03300011C2011030 2054375370001370033006500490028050300065 0000480000414 AUTO GERAL DE ITU LTDA                                                                              00000                                   00000000                    
0330001300001O00083620000006124901103001635747020210002565404CIA PIRATININGA DE FORCA E LUZ14012013140120130000000000612492866                900003148                                                                               00        
0330001300002Z70976E1BC873AD8CA150766                                         PGTFORNB14012013900003148                                                                                                                               00        
0330001300003O00084650000010900010299916142845101000073441377TELEFONICA                    14012013140120130000000001090002867                900003149                                                                               00        
0330001300004Z70976E1F20941391B89870D                                         PGTFORNB14012013900003149                                                                                                                               00        
0330001300005O00084600000010900010299916142879601000073451377TELEFONICA                    14012013140120130000000001090002868                900003150                                                                               00        
0330001300006Z70976E1D24E4BAE9CF4BB8B                                         PGTFORNB14012013900003150                                                                                                                               00        
0330001300007O00084600000026693310299916113340001000073431377TELEFONICA                    14012013140120130000000002669332869                900003151                                                                               00        
0330001300008Z70976E1EB69817FBFB0333F                                         PGTFORNB14012013900003151                                                                                                                               00        
03300015         000010000000000000546182000000000000000000110114                                                                                                                                                                               
03300021C2011030 2054375370001370033006500490028050300065 0000480000414 AUTO GERAL DE ITU LTDA                                                                              00000                                   00000000                    
0330002300001O00085610000000688700253038760410232192000044513SEFAZ SP IPVA                 14012013140120130000000000068872870                900003152                                                                               00        
0330002300002Z70976E110D059C64FF23E54                                         PGTFORNB14012013900003152                                                                                                                               00        
0330002300003O00085680000000935200253066950511092482000044513SEFAZ SP IPVA                 14012013140120130000000000093522871                900003153                                                                               00        
0330002300004Z70976E1496CFA4DB9CEAADA                                         PGTFORNB14012013900003153                                                                                                                               00        
0330002300005O00085680000000826400253038760503226202000044513SEFAZ SP IPVA                 14012013140120130000000000082642872                900003154                                                                               00        
0330002300006Z70976E1148C494BC63700CB                                         PGTFORNB14012013900003154                                                                                                                               00        
0330002300007O00085600000000954400253066950523057892000044513SEFAZ SP IPVA                 14012013140120130000000000095442873                900003155                                                                               00        
0330002300008Z70976E137934FEA5E99695A                                         PGTFORNB14012013900003155                                                                                                                               00        
0330002300009O00085670000003322200253038760419179362000044513SEFAZ SP IPVA                 14012013140120130000000000332222874                900003156                                                                               00        
0330002300010Z70976E1941EED63231EAD7D                                         PGTFORNB14012013900003156                                                                                                                               00        
0330002300011O00085660000006084400253038760605010472000044513SEFAZ SP IPVA                 14012013140120130000000000608442875                900003157                                                                               00        
0330002300012Z70976E1317F07C21E3B414E                                         PGTFORNB14012013900003157                                                                                                                               00        
03300025         000014000000000000128113000000000000000000110114                                                                                                                                                                               
03399999         000002000026000000                                                                                                                                                                                                             
