03300000         2054375370001370033006500490028050300065 0000480000414 AUTO GERAL DE ITU LTDA        SANTANDER                               22703201302203300029606000000                                                                     
03300011C2030030 2054375370001370033006500490028050300065 0000480000414 AUTO GERAL DE ITU LTDA                                                                              00000                                   00000000                    
0330001300001J00003391565000000718929513931700000104392930101DISTRIBUIDORA AUTOMOTIVA S.A. 27032013000000000071892000000000000000000000000000000270320130000000000718920000000000000005299                900005572           09      00        
0330001300002Z70976E13E119AF2031080CE                                         PGTFORNB27032013900005572                                                                                                                               00        
0330001300003J00035691565100000376340689070323480000003267973DISTRIBUIDORA AUTOMOTIVA S.A. 28032013000000000037634000000000000000000000000000000270320130000000000376340000000000000005325                900005605           09      00        
0330001300004Z70976E1EE32003761F764B5                                         PGTFORNB27032013900005605                                                                                                                               00        
0330001300005J00035699565000000136750689070323440000003267910DISTRIBUIDORA AUTOMOTIVA S.A. 27032013000000000013675000000000000000000000000000000270320130000000000136750000000000000005298                900005584           09      00        
0330001300006Z70976E1C0B376C36FA351B9                                         PGTFORNB27032013900005584                                                                                                                               00        
0330001300007J00003392565000000206009151180700000300471700104INFOR-REL COM SERV LTDA EPP   27032013000000000020600000000000000000000000000000000270320130000000000206000000000000000005302                900005573           09      00        
0330001300008Z70976E171A5B4ED07BEA438                                         PGTFORNB27032013900005573                                                                                                                               00        
0330001300009J00003393565100005661199432967800000000552800104ESPERANCA INDUSTRIA E COMERCIO28032013000000000566119000000000000000000000000000000270320130000000005661190000000000000005326                900005574           09      00        
0330001300010Z70976E1CFDBE14263510C01                                         PGTFORNB27032013900005574                                                                                                                               00        
0330001300011J00003394565100000613659492147000000000590640104J FREITAS COM IMP E EXP LTDA  28032013000000000061365000000000000000000000000000000270320130000000000613650000000000000005330                900005575           09      00        
0330001300012Z70976E13AAC92C77D5ADC90                                         PGTFORNB27032013900005575                                                                                                                               00        
03300015         000014000000000000771285000000000000000000300327                                                                                                                                                                               
03300021C2031030 2054375370001370033006500490028050300065 0000480000414 AUTO GERAL DE ITU LTDA                                                                              00000                                   00000000                    
0330002300001J00034192565000000063001129088922200076000777000CENTER PECAS FABBRI LTDA      27032013000000000006300000000000000000000000000000000270320130000000000063000000000000000005290                900005576           09      00        
0330002300002Z70976E1FE8CE6F7FDA5021C                                         PGTFORNB27032013900005576                                                                                                                               00        
0330002300003J00039991565100000206581770102443504061860231001CAR CENTRAL DE AUTOPECAS E ROL28032013000000000020658000000000000000000000000000000270320130000000000206580000000000000005320                900005600           09      00        
0330002300004Z70976E13C0C8571779103E6                                         PGTFORNB27032013900005600                                                                                                                               00        
0330002300005J00023799565100001327672646093057000004100157570CASA DOS BEBEDOUROS LTDA      28032013000000000132767000000000000000000000000000000270320130000000001327670000000000000005321                900005601           09      00        
0330002300006Z70976E100A152237726F946                                         PGTFORNB27032013900005601                                                                                                                               00        
0330002300007J00034197565100000043201128874215460076000777000CENTER PECAS FABBRI LTDA      28032013000000000004320000000000000000000000000000000270320130000000000043200000000000000005322                900005602           09      00        
0330002300008Z70976E1CC1BA1A0948DFCA5                                         PGTFORNB27032013900005602                                                                                                                               00        
0330002300009J00034191565100000157501128874215380076000777000CENTER PECAS FABBRI LTDA      28032013000000000015750000000000000000000000000000000270320130000000000157500000000000000005323                900005603           09      00        
0330002300010Z70976E114DE3B36EAF1E32F                                         PGTFORNB27032013900005603                                                                                                                               00        
0330002300011J00034191565100000352001128874215120076000777000CENTER PECAS FABBRI LTDA      28032013000000000035200000000000000000000000000000000270320130000000000352000000000000000005324                900005604           09      00        
0330002300012Z70976E168B3074D842838EB                                         PGTFORNB27032013900005604                                                                                                                               00        
0330002300013J00034195565100000397871090304694650109276204000GIRANDO COMERCIO DE PECAS LTDA28032013000000000039787000000000000000000000000000000270320130000000000397870000000000000005327                900005606           09      00        
0330002300014Z70976E118425175E1BF65CC                                         PGTFORNB27032013900005606                                                                                                                               00        
0330002300015J00034192565100002881121129269683410125675405000IND E COM AUTO PECAS REI LTDA 28032013000000000288112000000000000000000000000000000270320130000000002881120000000000000005328                900005607           09      00        
0330002300016Z70976E126B0C575B9D13534                                         PGTFORNB27032013900005607                                                                                                                               00        
0330002300017J00034195565100000652001127211253372938074016000ITAVOX VEICULOS               28032013000000000065200000000000000000000000000000000270320130000000000652000000000000000005329                900005608           09      00        
0330002300018Z70976E1645DEA327FA408CF                                         PGTFORNB27032013900005608                                                                                                                               00        
0330002300019J00000198565100000292701204334796528150001150017JANCAP COMERCIO IMPORTACAO E E28032013000000000029270000000000000000000000000000000270320130000000000292700000000000000005331                900005609           09      00        
0330002300020Z70976E12CEC98E47B2CEF86                                         PGTFORNB27032013900005609                                                                                                                               00        
0330002300021J00000198565100004623600444957492834280000630911JOFUND S/A                    28032013000000000462360000000000000000000000000000000270320130000000004623600000000000000005332                900005610           09      00        
0330002300022Z70976E1EE1BCEC6BB2CEB80                                         PGTFORNB27032013900005610                                                                                                                               00        
0330002300023J00034196565000000034001129088922380076000777000CENTER PECAS FABBRI LTDA      27032013000000000003400000000000000000000000000000000270320130000000000034000000000000000005291                900005577           09      00        
0330002300024Z70976E1B7D579BCDD93C380                                         PGTFORNB27032013900005577                                                                                                                               00        
0330002300025J00034192565000000363601750000170698949044674000CENTRO AUTOMOTIVO ITUZAO LTDA 27032013000000000036360000000000000000000000000000000270320130000000000363600000000000000005292                900005578           09      00        
0330002300026Z70976E1DDE6A4D783E9D6BB                                         PGTFORNB27032013900005578                                                                                                                               00        
0330002300027J00023791565000007538403396092325000000500008270CINPAL CIA IND DE PECAS P/ AUT27032013000000000753840000000000000000000000000000000270320130000000007538400000000000000005293                900005579           09      00        
0330002300028Z70976E1A6E699E855C5018E                                         PGTFORNB27032013900005579                                                                                                                               00        
0330002300029J00023796565000000851143396092325000000900008270CINPAL CIA IND DE PECAS P/ AUT27032013000000000085114000000000000000000000000000000270320130000000000851140000000000000005294                900005580           09      00        
0330002300030Z70976E1799681924416F991                                         PGTFORNB27032013900005580                                                                                                                               00        
0330002300031J00000199565000000206964584340000000000100050921DB DISTRIBUIDORA DE BATERIAS L27032013000000000020696000000000000000000000000000000270320130000000000206960000000000000005295                900005581           09      00        
0330002300032Z70976E124BCE3AFCC2362CC                                         PGTFORNB27032013900005581                                                                                                                               00        
0330002300033J00034198565000000156711090304682930109276204000GIRANDO COMERCIO DE PECAS LTDA27032013000000000015671000000000000000000000000000000270320130000000000156710000000000000005300                900005585           09      00        
0330002300034Z70976E1EA10E073B2AB65C1                                         PGTFORNB27032013900005585                                                                                                                               00        
0330002300035J00034192565000000148391090304687800109276204000GIRANDO COMERCIO DE PECAS LTDA27032013000000000014839000000000000000000000000000000270320130000000000148390000000000000005301                900005586           09      00        
0330002300036Z70976E1A5B9B24BAB327DBB                                         PGTFORNB27032013900005586                                                                                                                               00        
0330002300037J00000196565000013245610445279180634120000359731IRMAOS AMALCABURIO LTDA       27032013000000001324561000000000000000000000000000000270320130000000013245610000000000000005303                900005587           09      00        
0330002300038Z70976E12518777BBB7CB7F1                                         PGTFORNB27032013900005587                                                                                                                               00        
0330002300039J00023792565000000505003372097672311761000767230MAGGI VEICULOS LTDA           27032013000000000050500000000000000000000000000000000270320130000000000505000000000000000005304                900005588           09      00        
0330002300040Z70976E1FA06BA2EAEF46C41                                         PGTFORNB27032013900005588                                                                                                                               00        
0330002300041J00034194565000003005141128636941991248082487000BANCO DAYCOVAL SA             27032013000000000300514000000000000000000000000000000270320130000000003005140000000000000005305                900005589           09      00        
0330002300042Z70976E1B7A79E0FDBC62E95                                         PGTFORNB27032013900005589                                                                                                                               00        
0330002300043J00039995565000000325102696557786504540096965001PELLEGRINO DISTRIBUIDORA DE AU27032013000000000032510000000000000000000000000000000270320130000000000325100000000000000005306                900005590           09      00        
0330002300044Z70976E1B1149FB294B1A7A7                                         PGTFORNB27032013900005590                                                                                                                               00        
0330002300045J00039998565000001344992696557746604540096965001PELLEGRINO DISTRIBUIDORA DE AU27032013000000000134499000000000000000000000000000000270320130000000001344990000000000000005307                900005591           09      00        
0330002300046Z70976E1CFE58A4785D751E8                                         PGTFORNB27032013900005591                                                                                                                               00        
0330002300047J00023791565000000583243484093044000052901129000PETRONAS LUBRIFICANTES BRASIL 27032013000000000058324000000000000000000000000000000270320130000000000583240000000000000005308                900005592           09      00        
0330002300048Z70976E173706B039A5ED05C                                         PGTFORNB27032013900005592                                                                                                                               00        
0330002300049J00023796565100000345433389259700291538800608570ECCO DO BRASIL PRODUTOS P/INFO28032013000000000034543000000000000000000000000000000270320130000000000345430000000000000005313                900005593           09      00        
0330002300050Z70976E1CBC3453C774DE04C                                         PGTFORNB27032013900005593                                                                                                                               00        
0330002300051J00034191565100000402771090002091430137627725000ALENAN COML DE PECAS E ACS LTD28032013000000000040277000000000000000000000000000000270320130000000000402770000000000000005314                900005594           09      00        
0330002300052Z70976E11F336BF1FF8D2A04                                         PGTFORNB27032013900005594                                                                                                                               00        
0330002300053J00034195565100000273711090002096550137627725000ALENAN COML DE PECAS E ACS LTD28032013000000000027371000000000000000000000000000000270320130000000000273710000000000000005315                900005595           09      00        
0330002300054Z70976E1BF9DD04FD3FE57B3                                         PGTFORNB27032013900005595                                                                                                                               00        
0330002300055J00023798565100000236853371090000833975800719500AVEBRAZ COMERCIO DE VEICULOS E28032013000000000023685000000000000000000000000000000270320130000000000236850000000000000005316                900005596           09      00        
0330002300056Z70976E192ED05817D18BE20                                         PGTFORNB27032013900005596                                                                                                                               00        
0330002300057J00039991565100000204551770882617011960078237001BAP AUTOMOTIVA LTDA           28032013000000000020455000000000000000000000000000000270320130000000000204550000000000000005317                900005597           09      00        
0330002300058Z70976E1FCFDD5F8B1D2BD28                                         PGTFORNB27032013900005597                                                                                                                               00        
0330002300059J00039994565100000365501770102447804061860231001CAR CENTRAL DE AUTOPECAS E ROL28032013000000000036550000000000000000000000000000000270320130000000000365500000000000000005318                900005598           09      00        
0330002300060Z70976E10ED34EA3C68C355F                                         PGTFORNB27032013900005598                                                                                                                               00        
0330002300061J00039999565100000295708144671486404540096965001PELLEGRINO DISTRIBUIDORA DE AU28032013000000000029570000000000000000000000000000000270320130000000000295700000000000000005346                900005624           09      00        
0330002300062Z70976E1391775881FBA2D41                                         PGTFORNB27032013900005624                                                                                                                               00        
0330002300063J00039998565100000244902696557945004540096965001PELLEGRINO DISTRIBUIDORA DE AU28032013000000000024490000000000000000000000000000000270320130000000000244900000000000000005347                900005625           09      00        
0330002300064Z70976E1FAE4B2245C152007                                         PGTFORNB27032013900005625                                                                                                                               00        
0330002300065J00023791565100000656923484093045000020901129000PETRONAS LUBRIFICANTES BRASIL 28032013000000000065692000000000000000000000000000000270320130000000000656920000000000000005348                900005626           09      00        
0330002300066Z70976E1DFBA35989FC9330D                                         PGTFORNB27032013900005626                                                                                                                               00        
0330002300067J00023798565100000117213484093057000053501129000PETRONAS LUBRIFICANTES BRASIL 28032013000000000011721000000000000000000000000000000270320130000000000117210000000000000005349                900005627           09      00        
0330002300068Z70976E11741D1DC0DDAEF3D                                         PGTFORNB27032013900005627                                                                                                                               00        
0330002300069J00023792565100000582363395061180232940600028140ROCHESTER DISTRIBUIDORA DE AUT28032013000000000058236000000000000000000000000000000270320130000000000582360000000000000005350                900005628           09      00        
0330002300070Z70976E1D2E3DE72C1FE3376                                         PGTFORNB27032013900005628                                                                                                                               00        
0330002300071J00000194565100000698280000001451450000038130517SK AUTOMOTIVE S/A DISTR AUTOPE28032013000000000069828000000000000000000000000000000270320130000000000698280000000000000005351                900005629           09      00        
0330002300072Z70976E10651530ABB14B2FE                                         PGTFORNB27032013900005629                                                                                                                               00        
0330002300073J00023791565100000454824130074130006638200050880SOUZA RAMOS COM E IMP LTDA    28032013000000000045482000000000000000000000000000000270320130000000000454820000000000000005352                900005630           09      00        
0330002300074Z70976E15481A51145529E6F                                         PGTFORNB27032013900005630                                                                                                                               00        
0330002300075J00034199565100001019111128224004230480001510000SUSIN FRANCESCUTTI METAL LTDA 28032013000000000101911000000000000000000000000000000270320130000000001019110000000000000005353                900005631           09      00        
0330002300076Z70976E11D691BBB6413D4E5                                         PGTFORNB27032013900005631                                                                                                                               00        
0330002300077J00023799565100003349730117093077000001600037900TRIADE COMERCIO E INDUSTRIA DE28032013000000000334973000000000000000000000000000000270320130000000003349730000000000000005354                900005632           09      00        
0330002300078Z70976E11DCB79A4F7065076                                         PGTFORNB27032013900005632                                                                                                                               00        
0330002300079J00034191565100000171991129371422418949010469000TSA TECN SIST AUTOM LTDA      28032013000000000017199000000000000000000000000000000270320130000000000171990000000000000005355                900005633           09      00        
0330002300080Z70976E199C7068B52BFCF01                                         PGTFORNB27032013900005633                                                                                                                               00        
0330002300081J00034191565100000109001091478263360513721555000VENANPECAS LTDA               28032013000000000010900000000000000000000000000000000270320130000000000109000000000000000005356                900005634           09      00        
0330002300082Z70976E100633663C239FCF9                                         PGTFORNB27032013900005634                                                                                                                               00        
0330002300083J00039995565100000405261770102437004061860231001CAR CENTRAL DE AUTOPECAS E ROL28032013000000000040526000000000000000000000000000000270320130000000000405260000000000000005319                900005599           09      00        
0330002300084Z70976E1E1B3073FCC693727                                         PGTFORNB27032013900005599                                                                                                                               00        
0330002300085J00023795565100000727003372097672311770500767230MAGGI VEICULOS LTDA           28032013000000000072700000000000000000000000000000000270320130000000000727000000000000000005333                900005611           09      00        
0330002300086Z70976E193F1A39A7F9A4C96                                         PGTFORNB27032013900005611                                                                                                                               00        
0330002300087J00034199565100006298101128909014842938025125000MAHLE METAL LEVE S/A          28032013000000000629810000000000000000000000000000000270320130000000006298100000000000000005334                900005612           09      00        
0330002300088Z70976E1902B052E85A69180                                         PGTFORNB27032013900005612                                                                                                                               00        
0330002300089J00034196565100003686591128909015002938025125000MAHLE METAL LEVE S/A          28032013000000000368659000000000000000000000000000000270320130000000003686590000000000000005335                900005613           09      00        
0330002300090Z70976E1F25205301CE8C082                                         PGTFORNB27032013900005613                                                                                                                               00        
0330002300091J00034199565100000843721128909015592938025125000MAHLE METAL LEVE S/A          28032013000000000084372000000000000000000000000000000270320130000000000843720000000000000005336                900005614           09      00        
0330002300092Z70976E18B680E0390EE7D88                                         PGTFORNB27032013900005614                                                                                                                               00        
0330002300093J00034197565100000118561128909014922938025125000MAHLE METAL LEVE S/A          28032013000000000011856000000000000000000000000000000270320130000000000118560000000000000005337                900005615           09      00        
0330002300094Z70976E1CBC77B4ACC8F2349                                         PGTFORNB27032013900005615                                                                                                                               00        
0330002300095J00034196565100000459131128909015182938025125000MAHLE METAL LEVE S/A          28032013000000000045913000000000000000000000000000000270320130000000000459130000000000000005338                900005616           09      00        
0330002300096Z70976E14C26F4596074CDA3                                         PGTFORNB27032013900005616                                                                                                                               00        
0330002300097J00034195565100000220501128909015262938025125000MAHLE METAL LEVE S/A          28032013000000000022050000000000000000000000000000000270320130000000000220500000000000000005339                900005617           09      00        
0330002300098Z70976E193195C8F04EE5026                                         PGTFORNB27032013900005617                                                                                                                               00        
0330002300099J00034194565100000224741128909015342938025125000MAHLE METAL LEVE S/A          28032013000000000022474000000000000000000000000000000270320130000000000224740000000000000005340                900005618           09      00        
0330002300100Z70976E13A1B1279A246BB3F                                         PGTFORNB27032013900005618                                                                                                                               00        
0330002300101J00034195565100000171521128909015422938025125000MAHLE METAL LEVE S/A          28032013000000000017152000000000000000000000000000000270320130000000000171520000000000000005341                900005619           09      00        
0330002300102Z70976E171C16626EAF11F01                                         PGTFORNB27032013900005619                                                                                                                               00        
0330002300103J00023797565100000328042078093063000004300013000DAVOS FOMENTO COMERCIAL LTDA  28032013000000000032804000000000000000000000000000000270320130000000000328040000000000000005342                900005620           09      00        
0330002300104Z70976E1BA890B9E97DAC91C                                         PGTFORNB27032013900005620                                                                                                                               00        
0330002300105J00023792565100000867002500090256574405500000340ODAPEL DISTRIBUIDORA DE AUTO P28032013000000000086700000000000000000000000000000000270320130000000000867000000000000000005343                900005621           09      00        
0330002300106Z70976E12C7550C3994441D5                                         PGTFORNB27032013900005621                                                                                                                               00        
0330002300107J00039992565100001095448144671471604540096965001PELLEGRINO DISTRIBUIDORA DE AU28032013000000000109544000000000000000000000000000000270320130000000001095440000000000000005344                900005622           09      00        
0330002300108Z70976E1C509B3E29193F5E6                                         PGTFORNB27032013900005622                                                                                                                               00        
0330002300109J00039992565100000996688144671542904540096965001PELLEGRINO DISTRIBUIDORA DE AU28032013000000000099668000000000000000000000000000000270320130000000000996680000000000000005345                900005623           09      00        
0330002300110Z70976E117DD9C3C490DCD7F                                         PGTFORNB27032013900005623                                                                                                                               00        
0330002300111J00000192565000008604494584340000000000100051021DB DISTRIBUIDORA DE BATERIAS L27032013000000000860449000000000000000000000000000000270320130000000008604490000000000000005296                900005582           09      00        
0330002300112Z70976E117033565039DE573                                         PGTFORNB27032013900005582                                                                                                                               00        
0330002300113J00034193565000006030241128793316462938030539000DELPHI AUTOM SYSTEMS BR LTDA  27032013000000000603024000000000000000000000000000000270320130000000006030240000000000000005297                900005583           09      00        
0330002300114Z70976E15F74A0D21B622F71                                         PGTFORNB27032013900005583                                                                                                                               00        
03300025         000116000000000007991136000000000000000000310327                                                                                                                                                                               
03399999         000002000132000000                                                                                                                                                                                                             
