03300000         2054375370001370033006500490028050300065 0000480000414 AUTO GERAL DE ITU LTDA        SANTANDER                               20712201202223700008806000000                                                                     
03300011C2030030 2054375370001370033006500490028050300065 0000480000414 AUTO GERAL DE ITU LTDA                                                                              00000                                   00000000                    
0330001300001J00003395554000002358889482966200000022426720104CAR CENTRAL DE AUTOPECAS E ROL07122012000000000235888000000000000000000000000000000071220120000000002358880000000000000001503                900001757           09      00        
0330001300002Z70976E1606F9332EA1B1579                                         PGTFORNB07122012900001757                                                                                                                               00        
0330001300003J00035695554000000805600689070323440000004892468DISTRIBUIDORA AUTOMOTIVA SA   07122012000000000080560000000000000000000000000000000071220120000000000805600000000000000001519                900001778           09      00        
0330001300004Z70976E1F11F3ABD6308D9AD                                         PGTFORNB07122012900001778                                                                                                                               00        
0330001300005J00003394554000002233829513931700000103456390101DISTRIBUIDORA AUTOMOTIVA SA   07122012000000000223382000000000000000000000000000000071220120000000002233820000000000000001514                900001758           09      00        
0330001300006Z70976E142FF17EA20F5C690                                         PGTFORNB07122012900001758                                                                                                                               00        
0330001300007J00003391554000000799139513931700000103454770101DISTRIBUIDORA AUTOMOTIVA SA   07122012000000000079913000000000000000000000000000000071220120000000000799130000000000000001515                900001759           09      00        
0330001300008Z70976E17A6ACEAA11FB3B40                                         PGTFORNB07122012900001759                                                                                                                               00        
0330001300009J00003395554000000443749513931700000103456040101DISTRIBUIDORA AUTOMOTIVA SA   07122012000000000044374000000000000000000000000000000071220120000000000443740000000000000001516                900001760           09      00        
0330001300010Z70976E1A113BD7D4F7E692C                                         PGTFORNB07122012900001760                                                                                                                               00        
0330001300011J00003395554000001147219537802800000000006460203SPARX IND E COM DE PECAS AUTO 07122012000000000114721000000000000000000000000000000071220120000000001147210000000000000001529                900001761           09      00        
0330001300012Z70976E11E1900BF041E1A1B                                         PGTFORNB07122012900001761                                                                                                                               00        
0330001300013J00035696554000000292540689070323450000004892467DISTRIBUIDORA AUTOMOTIVA SA   07122012000000000029254000000000000000000000000000000071220120000000000292540000000000000001517                900001776           09      00        
0330001300014Z70976E1AAC3165FBDD5399B                                         PGTFORNB07122012900001776                                                                                                                               00        
0330001300015J00035697554000000152780689070323420000004892452DISTRIBUIDORA AUTOMOTIVA SA   07122012000000000015278000000000000000000000000000000071220120000000000152780000000000000001518                900001777           09      00        
0330001300016Z70976E1E3FB4DFA01E4B635                                         PGTFORNB07122012900001777                                                                                                                               00        
03300015         000018000000000000823370000000000000000000301207                                                                                                                                                                               
03300021C2031030 2054375370001370033006500490028050300065 0000480000414 AUTO GERAL DE ITU LTDA                                                                              00000                                   00000000                    
0330002300001J00023791554000000252290138092300000006501370000BBL SISTEMAS OPERACIONAIS LTDA07122012000000000025229000000000000000000000000000000071220120000000000252290000000000000001520                900001779           09      00        
0330002300002Z70976E10029FE46C6953DB6                                         PGTFORNB07122012900001779                                                                                                                               00        
0330002300003J00023791554000000322063684190000017109800673000POLIPECAS DISTR AUTOMOTIVA LTD07122012000000000032206000000000000000000000000000000071220120000000000322060000000000000001548                900001806           09      00        
0330002300004Z70976E1BF8A510D71540A1A                                         PGTFORNB07122012900001806                                                                                                                               00        
0330002300005J00023794554000000304603684190000017116100673000POLIPECAS DISTR AUTOMOTIVA LTD07122012000000000030460000000000000000000000000000000071220120000000000304600000000000000001549                900001807           09      00        
0330002300006Z70976E14616C45E101FC2FE                                         PGTFORNB07122012900001807                                                                                                                               00        
0330002300007J00023791554000000227283684190000017115700673000POLIPECAS DISTR AUTOMOTIVA LTD07122012000000000022728000000000000000000000000000000071220120000000000227280000000000000001550                900001808           09      00        
0330002300008Z70976E16ED3FAD42781D505                                         PGTFORNB07122012900001808                                                                                                                               00        
0330002300009J00023791554000000588503684190000017115900673000POLIPECAS DISTR AUTOMOTIVA LTD07122012000000000058850000000000000000000000000000000071220120000000000588500000000000000001551                900001809           09      00        
0330002300010Z70976E132B1E5571AAF23D3                                         PGTFORNB07122012900001809                                                                                                                               00        
0330002300011J00023796554000015396633394190004046599200136510PROMAX PRODS MAXIMOS S/A IND C07122012000000001539663000000000000000000000000000000071220120000000015396630000000000000001552                900001810           09      00        
0330002300012Z70976E1D5A0E23720B90B7A                                         PGTFORNB07122012900001810                                                                                                                               00        
0330002300013J00039991554000000311142053186135405313093513001REAL MOTO PECAS LTDA          07122012000000000031114000000000000000000000000000000071220120000000000311140000000000000001553                900001811           09      00        
0330002300014Z70976E18F40F4899A7D70DF                                         PGTFORNB07122012900001811                                                                                                                               00        
0330002300015J00039995554000006369462053187215105313093513001REAL MOTO PECAS LTDA          07122012000000000636946000000000000000000000000000000071220120000000006369460000000000000001554                900001812           09      00        
0330002300016Z70976E18F2E9523737A95DA                                         PGTFORNB07122012900001812                                                                                                                               00        
0330002300017J00039994554000001385402053187892305313093513001REAL MOTO PECAS LTDA          07122012000000000138540000000000000000000000000000000071220120000000001385400000000000000001555                900001813           09      00        
0330002300018Z70976E1DA74526215B24FD0                                         PGTFORNB07122012900001813                                                                                                                               00        
0330002300019J00039992554000001056872053186386105313093513001REAL MOTO PECAS LTDA          07122012000000000105687000000000000000000000000000000071220120000000001056870000000000000001556                900001814           09      00        
0330002300020Z70976E11A6D40A70787FFFB                                         PGTFORNB07122012900001814                                                                                                                               00        
0330002300021J00039999554000001885352053186290305313093513001REAL MOTO PECAS LTDA          07122012000000000188535000000000000000000000000000000071220120000000001885350000000000000001557                900001815           09      00        
0330002300022Z70976E166513897C1403105                                         PGTFORNB07122012900001815                                                                                                                               00        
0330002300023J00023792554000001174743395061180232827300028140ROCHESTER DISTR DE AUTOPECAS S07122012000000000117474000000000000000000000000000000071220120000000001174740000000000000001558                900001816           09      00        
0330002300024Z70976E1BE0F753DAD2A629A                                         PGTFORNB07122012900001816                                                                                                                               00        
0330002300025J00023798554000000578453395090000004927200650000SORANA SUL                    07122012000000000057845000000000000000000000000000000071220120000000000578450000000000000001559                900001817           09      00        
0330002300026Z70976E1D3F6DB356A600AE1                                         PGTFORNB07122012900001817                                                                                                                               00        
0330002300027J00023794554000002902362403090000000053900230450UMA UNIAO DE MARCAS AUTOMOTIVA07122012000000000290236000000000000000000000000000000071220120000000002902360000000000000001560                900001818           09      00        
0330002300028Z70976E18FFFBF4C8A71F2A1                                         PGTFORNB07122012900001818                                                                                                                               00        
0330002300029J00034196554000001536181126129314700771528809000UNIAO COM BORR AUTO PECAS LTDA07122012000000000153618000000000000000000000000000000071220120000000001536180000000000000001561                900001819           09      00        
0330002300030Z70976E119D1CE0BC3C75553                                         PGTFORNB07122012900001819                                                                                                                               00        
0330002300031J00023796554000000330000090192318000003101013270WELLBOR AUTO PECAS LTDA       07122012000000000033000000000000000000000000000000000071220120000000000330000000000000000001562                900001820           09      00        
0330002300032Z70976E10D550F0AE1775C06                                         PGTFORNB07122012900001820                                                                                                                               00        
0330002300033J00074592554200000297453680049280025004301029540DELL COMPUTADORES DO BRASIL   09122012000000000029745000000000000000000000000000000071220120000000000297450000000000000001563                900001821           09      00        
0330002300034Z70976E14C57DB230D65DE97                                         PGTFORNB07122012900001821                                                                                                                               00        
0330002300035J00023794554000001717191316090000009288800009000APS DISTRIBUIDORA DE AUTOPECAS07122012000000000171719000000000000000000000000000000071220120000000001717190000000000000001499                900001762           09      00        
0330002300036Z70976E15E7DC24D97437FF8                                         PGTFORNB07122012900001762                                                                                                                               00        
0330002300037J00023795554000001606111316090000009289500009000APS DISTRIBUIDORA DE AUTOPECAS07122012000000000160611000000000000000000000000000000071220120000000001606110000000000000001500                900001763           09      00        
0330002300038Z70976E10EBEDF76FFE65358                                         PGTFORNB07122012900001763                                                                                                                               00        
0330002300039J00034194554000000018191124949492442938000052000EATON  LTDA                   07122012000000000001819000000000000000000000000000000071220120000000000018190000000000000001521                900001780           09      00        
0330002300040Z70976E1853FDA4346F9BD4E                                         PGTFORNB07122012900001780                                                                                                                               00        
0330002300041J00034195554000000206671125779400372938000052000EATON  LTDA                   07122012000000000020667000000000000000000000000000000071220120000000000206670000000000000001522                900001781           09      00        
0330002300042Z70976E11E0EB9BA38360C53                                         PGTFORNB07122012900001781                                                                                                                               00        
0330002300043J00034196554000000337501125779405732938000052000EATON  LTDA                   07122012000000000033750000000000000000000000000000000071220120000000000337500000000000000001523                900001782           09      00        
0330002300044Z70976E10813C3C190872D38                                         PGTFORNB07122012900001782                                                                                                                               00        
0330002300045J00023791554000000734402386092305000001900028910FERROL IND E COM LTDA         07122012000000000073440000000000000000000000000000000071220120000000000734400000000000000001524                900001783           09      00        
0330002300046Z70976E16507F76A678A241B                                         PGTFORNB07122012900001783                                                                                                                               00        
0330002300047J00034196554000005953961126174606322938017569000FRAS-LE S/A                   07122012000000000595396000000000000000000000000000000071220120000000005953960000000000000001525                900001784           09      00        
0330002300048Z70976E19FE38F909D28F7C8                                         PGTFORNB07122012900001784                                                                                                                               00        
0330002300049J00034196554000000353951090304117980109276204000GIRANDO COM DE PECAS LTDA     07122012000000000035395000000000000000000000000000000071220120000000000353950000000000000001526                900001785           09      00        
0330002300050Z70976E1C4637B279BA7B597                                         PGTFORNB07122012900001785                                                                                                                               00        
0330002300051J00034192554000000169131090000190880242411544000GLOBAL FLEX IMPRESS FLEX LTDA 07122012000000000016913000000000000000000000000000000071220120000000000169130000000000000001527                900001786           09      00        
0330002300052Z70976E1AC00B40CBA107F40                                         PGTFORNB07122012900001786                                                                                                                               00        
0330002300053J00023798554000000130201440090000260534200044650KRE COMERCIO DE PECAS LTDA    07122012000000000013020000000000000000000000000000000071220120000000000130200000000000000001528                900001787           09      00        
0330002300054Z70976E1A5BEE6E115DD7AC6                                         PGTFORNB07122012900001787                                                                                                                               00        
0330002300055J00023791554000000110323394090000012557100324600MORELATE DISTR AUTOPECAS LTDA 07122012000000000011032000000000000000000000000000000071220120000000000110320000000000000001530                900001788           09      00        
0330002300056Z70976E14031FC3E0DFAF713                                         PGTFORNB07122012900001788                                                                                                                               00        
0330002300057J00023798554000000231602500090256567744800000340ODAPEL DISTR DE AUTO PECAS LTD07122012000000000023160000000000000000000000000000000071220120000000000231600000000000000001531                900001789           09      00        
0330002300058Z70976E176F9506BDA242B75                                         PGTFORNB07122012900001789                                                                                                                               00        
0330002300059J00039997554000001361408145174047404540096965001PELLEGRINO DIST DE AUTOPECAS L07122012000000000136140000000000000000000000000000000071220120000000001361400000000000000001532                900001790           09      00        
0330002300060Z70976E196BFEA7AA6DD4439                                         PGTFORNB07122012900001790                                                                                                                               00        
0330002300061J00039998554000002133088144665970704540096965001PELLEGRINO DIST DE AUTOPECAS L07122012000000000213308000000000000000000000000000000071220120000000002133080000000000000001533                900001791           09      00        
0330002300062Z70976E1526E8FA0F7896245                                         PGTFORNB07122012900001791                                                                                                                               00        
0330002300063J00039991554000000950208144666001204540096965001PELLEGRINO DIST DE AUTOPECAS L07122012000000000095020000000000000000000000000000000071220120000000000950200000000000000001534                900001792           09      00        
0330002300064Z70976E1557FB4093A8C189D                                         PGTFORNB07122012900001792                                                                                                                               00        
0330002300065J00039998554000008638118144666019504540096965001PELLEGRINO DIST DE AUTOPECAS L07122012000000000863811000000000000000000000000000000071220120000000008638110000000000000001535                900001793           09      00        
0330002300066Z70976E1C450BF702A4EC825                                         PGTFORNB07122012900001793                                                                                                                               00        
0330002300067J00039995554000002058796696533991504540096965001PELLEGRINO DIST DE AUTOPECAS L07122012000000000205879000000000000000000000000000000071220120000000002058790000000000000001536                900001794           09      00        
0330002300068Z70976E1A07340D51B010EBE                                         PGTFORNB07122012900001794                                                                                                                               00        
0330002300069J00039991554000000663932696544808904540096965001PELLEGRINO DIST DE AUTOPECAS L07122012000000000066393000000000000000000000000000000071220120000000000663930000000000000001537                900001795           09      00        
0330002300070Z70976E18F7D17B2A51E6AF4                                         PGTFORNB07122012900001795                                                                                                                               00        
0330002300071J00039991554000002035102696544807004540096965001PELLEGRINO DIST DE AUTOPECAS L07122012000000000203510000000000000000000000000000000071220120000000002035100000000000000001538                900001796           09      00        
0330002300072Z70976E153882920C8BAC131                                         PGTFORNB07122012900001796                                                                                                                               00        
0330002300073J00039997554000001207246696533990704540096965001PELLEGRINO DIST DE AUTOPECAS L07122012000000000120724000000000000000000000000000000071220120000000001207240000000000000001539                900001797           09      00        
0330002300074Z70976E1AC6B16D0B5F1EE60                                         PGTFORNB07122012900001797                                                                                                                               00        
0330002300075J00039991554000000433406696533992304540096965001PELLEGRINO DIST DE AUTOPECAS L07122012000000000043340000000000000000000000000000000071220120000000000433400000000000000001540                900001798           09      00        
0330002300076Z70976E1329DF2A7E0564D7B                                         PGTFORNB07122012900001798                                                                                                                               00        
0330002300077J00000191554000000850690000001597457122148168817PETROBRAS DISTRIBUIDORA       07122012000000000085069000000000000000000000000000000071220120000000000850690000000000000001541                900001799           09      00        
0330002300078Z70976E145BEA3DD4A7F1707                                         PGTFORNB07122012900001799                                                                                                                               00        
0330002300079J00000195554000000967260000001597457122148169817PETROBRAS DISTRIBUIDORA       07122012000000000096726000000000000000000000000000000071220120000000000967260000000000000001542                900001800           09      00        
0330002300080Z70976E1D053CAE1B90F266D                                         PGTFORNB07122012900001800                                                                                                                               00        
0330002300081J00023795554000000350403684190000017115100673000POLIPECAS DISTR AUTOMOTIVA LTD07122012000000000035040000000000000000000000000000000071220120000000000350400000000000000001543                900001801           09      00        
0330002300082Z70976E1436F791CD0A056CF                                         PGTFORNB07122012900001801                                                                                                                               00        
0330002300083J00023799554000000123123684190000017115500673000POLIPECAS DISTR AUTOMOTIVA LTD07122012000000000012312000000000000000000000000000000071220120000000000123120000000000000001544                900001802           09      00        
0330002300084Z70976E1D4494358204FC442                                         PGTFORNB07122012900001802                                                                                                                               00        
0330002300085J00023797554000001074803684190000017116300673000POLIPECAS DISTR AUTOMOTIVA LTD07122012000000000107480000000000000000000000000000000071220120000000001074800000000000000001545                900001803           09      00        
0330002300086Z70976E114E67B89C29D9BFE                                         PGTFORNB07122012900001803                                                                                                                               00        
0330002300087J00023799554000001186883684190000017114900673000POLIPECAS DISTR AUTOMOTIVA LTD07122012000000000118688000000000000000000000000000000071220120000000001186880000000000000001546                900001804           09      00        
0330002300088Z70976E1714BB75D60817F77                                         PGTFORNB07122012900001804                                                                                                                               00        
0330002300089J00023792554000001385193684190000017111300673000POLIPECAS DISTR AUTOMOTIVA LTD07122012000000000138519000000000000000000000000000000071220120000000001385190000000000000001547                900001805           09      00        
0330002300090Z70976E10301E0C8B3FD720B                                         PGTFORNB07122012900001805                                                                                                                               00        
0330002300091J00023794554000000969003114091293416615301763000BODIPASA BOMBAS DIESEL PAULIST07122012000000000096900000000000000000000000000000000071220120000000000969000000000000000001501                900001764           09      00        
0330002300092Z70976E13221F6AF3901F83B                                         PGTFORNB07122012900001764                                                                                                                               00        
0330002300093J00023794554000000671952002061201374766100829680COMERCIAL AUTOMOTIVA S.A      07122012000000000067195000000000000000000000000000000071220120000000000671950000000000000001502                900001765           09      00        
0330002300094Z70976E139B41E4B0817B628                                         PGTFORNB07122012900001765                                                                                                                               00        
0330002300095J00034194554000000024501125743972800076000777000CENTER PECAS FABBRI LTDA      07122012000000000002450000000000000000000000000000000071220120000000000024500000000000000001504                900001766           09      00        
0330002300096Z70976E12BD340DFB78549C6                                         PGTFORNB07122012900001766                                                                                                                               00        
0330002300097J00034192554000000102001125842761770076000777000CENTER PECAS FABBRI LTDA      07122012000000000010200000000000000000000000000000000071220120000000000102000000000000000001505                900001767           09      00        
0330002300098Z70976E12B01601FEC5F434C                                         PGTFORNB07122012900001767                                                                                                                               00        
0330002300099J00034199554000000041501125842761850076000777000CENTER PECAS FABBRI LTDA      07122012000000000004150000000000000000000000000000000071220120000000000041500000000000000001506                900001768           09      00        
0330002300100Z70976E17C8DFA59BAD873A3                                         PGTFORNB07122012900001768                                                                                                                               00        
0330002300101J00023793554000000096782917090000008966200041120CMD MOTORS LTDA               07122012000000000009678000000000000000000000000000000071220120000000000096780000000000000001507                900001769           09      00        
0330002300102Z70976E18168179EFFFB80AE                                         PGTFORNB07122012900001769                                                                                                                               00        
0330002300103J00034194554000001823381125991493020360545834000COBRA ROLAMENTOS AUTOPECAS LTD07122012000000000182338000000000000000000000000000000071220120000000001823380000000000000001508                900001770           09      00        
0330002300104Z70976E19AB75A11EB9A4680                                         PGTFORNB07122012900001770                                                                                                                               00        
0330002300105J00034199554000000969371125991494680360545834000COBRA ROLAMENTOS AUTOPECAS LTD07122012000000000096937000000000000000000000000000000071220120000000000969370000000000000001509                900001771           09      00        
0330002300106Z70976E13F64BDE3611D32A8                                         PGTFORNB07122012900001771                                                                                                                               00        
0330002300107J00023791554000000230823262090000030444700935470COMDIP COMERCIAL DISTR DE PECA07122012000000000023082000000000000000000000000000000071220120000000000230820000000000000001510                900001772           09      00        
0330002300108Z70976E1856F923A32C1AF67                                         PGTFORNB07122012900001772                                                                                                                               00        
0330002300109J00034196554000000169201570622551174522114471000COML NV MILLENNIUM A P LTD EPP07122012000000000016920000000000000846000000000000000071220120000000000160740000000000000001511                900001773           09      00        
0330002300110Z70976E174A7AD87BF23CD2B                                         PGTFORNB07122012900001773                                                                                                                               00        
0330002300111J00023794554000000175000605092317000007700645110DE ONIBUS COM DE PCS P/ CARROC07122012000000000017500000000000000000000000000000000071220120000000000175000000000000000001512                900001774           09      00        
0330002300112Z70976E149B39D94346C9EAC                                         PGTFORNB07122012900001774                                                                                                                               00        
0330002300113J00000191554000000932330000002267479000014100817DECAR AUTOPECAS LTDA          07122012000000000093233000000000000000000000000000000071220120000000000932330000000000000001513                900001775           09      00        
0330002300114Z70976E1D586465CCBE3A8AF                                         PGTFORNB07122012900001775                                                                                                                               00        
03300025         000116000000000007810494000000000000000000311207                                                                                                                                                                               
03399999         000002000136000000                                                                                                                                                                                                             
