03300000         2054375370001370033006500490028050300065 0000480000414 AUTO GERAL DE ITU LTDA        SANTANDER                               21411201213184700004306000000                                                                     
03300011C2003031 2054375370001370033006500490028050300065 0000480000414 AUTO GERAL DE ITU LTDA                                                                              00000                                   00000000                    
0330001300001A0000183410077600000000859027 ADERALDO PAULO TULINO RODRIGUE785                 14112012BRL000000000000000000000000677447900001039           14112012000000000677447                                        05          000        
0330001300002B   212412056000132                              00000                                                  00000000  141120120000000006774470000000000000000000000000000000000000000000000000000000000000000                00        
0330001300003Z70976E18CFA14D6CD33256C                                         PGTFORNB14112012900001039                                                                                                                               00        
03300015         000005000000000000677447000000000000000000031114                                                                                                                                                                               
03399999         000001000007000000                                                                                                                                                                                                             
