03300000         2054375370001370033006500490028050300065 0000480000414 AUTO GERAL DE ITU LTDA        SANTANDER                               21103201304180600026206000000                                                                     
03300011C2030030 2054375370001370033006500490028050300065 0000480000414 AUTO GERAL DE ITU LTDA                                                                              00000                                   00000000                    
0330001300001J00003393563200001082839421259200000000475700101GUMP MOTORS COMPONENTES AUTOMO09032013000000000108283000000000000000000000000000000110320130000000001082830000000000000004707                900004987           09      00        
0330001300002Z70976E1D6D8DF735203DACB                                         PGTFORNB11032013900004987                                                                                                                               00        
0330001300003J00003395563300000469859492147000000000559300104J FREITAS COM IMP E EXP LTDA  10032013000000000046985000000000000000000000000000000110320130000000000469850000000000000004723                900004988           09      00        
0330001300004Z70976E1BAC6551BF93B55B8                                         PGTFORNB11032013900004988                                                                                                                               00        
0330001300005J00003391563400000108009151180700000300457460104INFOR-REL COM SERV LTDA EPP   11032013000000000010800000000000000000000000000000000110320130000000000108000000000000000004744                900004989           09      00        
0330001300006Z70976E1D9F176B3C39D90A8                                         PGTFORNB11032013900004989                                                                                                                               00        
0330001300007J00003391563400003658679482285400000091874130203JOFUND S/A                    11032013000000000365867000000000000000000000000000000110320130000000003658670000000000000004746                900004990           09      00        
0330001300008Z70976E1504E48231FA39F60                                         PGTFORNB11032013900004990                                                                                                                               00        
0330001300009J00003395563400000768909474127700000007454480203LUPORINI DISTR DE AUTOPECAS LT11032013000000000076890000000000000000000000000000000110320130000000000768900000000000000004747                900004991           09      00        
0330001300010Z70976E15EE2D0005740F90D                                         PGTFORNB11032013900004991                                                                                                                               00        
0330001300011J00003399563400004903059121618000000004360110203TARANTO COML IMP E EXP        11032013000000000490305000000000000000000000000000000110320130000000004903050000000000000004765                900004992           09      00        
0330001300012Z70976E14A4F0B107B45D006                                         PGTFORNB11032013900004992                                                                                                                               00        
0330001300013J00003391563400004954059121618000000004361270203TARANTO COML IMP E EXP        11032013000000000495405000000000000000000000000000000110320130000000004954050000000000000004766                900004993           09      00        
0330001300014Z70976E16B006EEF5CA322C0                                         PGTFORNB11032013900004993                                                                                                                               00        
0330001300015J00003396563300000035009213650300000180153010102SINDICATO DOS EMPREGADOS NO CO10032013000000000003500000000000000000000000000000000110320130000000000035000000000000000004787                900004994           09      00        
0330001300016Z70976E1B327F92A5D82D4A3                                         PGTFORNB11032013900004994                                                                                                                               00        
0330001300017J00003391563300000014009213650300000180153100102SINDICATO DOS EMPREGADOS NO CO10032013000000000001400000000000000000000000000000000110320130000000000014000000000000000004788                900004995           09      00        
0330001300018Z70976E1A4F4A24F7918BDE9                                         PGTFORNB11032013900004995                                                                                                                               00        
0330001300019J00003391563300000014009213650300000180153280102SINDICATO DOS EMPREGADOS NO CO10032013000000000001400000000000000000000000000000000110320130000000000014000000000000000004789                900004996           09      00        
0330001300020Z70976E148F5BDD153273D67                                         PGTFORNB11032013900004996                                                                                                                               00        
0330001300021J00003396563300000014009213650300000180179590102SINDICATO DOS EMPREGADOS NO CO10032013000000000001400000000000000000000000000000000110320130000000000014000000000000000004790                900004997           09      00        
0330001300022Z70976E1B7B7C45316276040                                         PGTFORNB11032013900004997                                                                                                                               00        
0330001300023J00035694563400000189550689070323480000003262768DISTRIBUIDORA AUTOMOTIVA S.A. 11032013000000000018955000000000000000000000000000000110320130000000000189550000000000000004735                900005027           09      00        
0330001300024Z70976E1C28CAC262C1E68BF                                         PGTFORNB11032013900005027                                                                                                                               00        
0330001300025J00035695563400000127900689070323490000003265026DISTRIBUIDORA AUTOMOTIVA S.A. 11032013000000000012790000000000000000000000000000000110320130000000000127900000000000000004736                900005028           09      00        
0330001300026Z70976E1CEAA91E9C6A63616                                         PGTFORNB11032013900005028                                                                                                                               00        
03300015         000028000000000001633980000000000000000000300311                                                                                                                                                                               
03300021C2031030 2054375370001370033006500490028050300065 0000480000414 AUTO GERAL DE ITU LTDA                                                                              00000                                   00000000                    
0330002300001J00034195563400000113281127650629412938000052000EATON LTDA                    11032013000000000011328000000000000000000000000000000110320130000000000113280000000000000004737                900005029           09      00        
0330002300002Z70976E19F2E430F573D5341                                         PGTFORNB11032013900005029                                                                                                                               00        
0330002300003J00034198563400008863141128716230240017697418000THOMSON C I COM PROD AUT LTDA 11032013000000000886314000000000000000000000000000000110320130000000008863140000000000000004769                900005056           09      00        
0330002300004Z70976E180750466FCE7064E                                         PGTFORNB11032013900005056                                                                                                                               00        
0330002300005J00034199563400010081281128251238323161211176000THEGA INDUSTRIA COMERCIO LTDA 11032013000000001008128000000000000000000000000000000110320130000000010081280000000000000004770                900005057           09      00        
0330002300006Z70976E1B47C16DA80AA4007                                         PGTFORNB11032013900005057                                                                                                                               00        
0330002300007J00023795563400006166842298093070000000200199310A. MASSARI DO BRASIL          11032013000000000616684000000000000000000000000000000110320130000000006166840000000000000004771                900005058           09      00        
0330002300008Z70976E165A4F1B2C00D834D                                         PGTFORNB11032013900005058                                                                                                                               00        
0330002300009J00023793563400010851852500090256573175600000340ODAPEL DISTRIBUIDORA DE AUTO P11032013000000001085185000000000000000000000000000000110320130000000010851850000000000000004772                900005059           09      00        
0330002300010Z70976E110D03F0DBEAD585D                                         PGTFORNB11032013900005059                                                                                                                               00        
0330002300011J00023798563400018325603394190004048326200136510PROMAX PRODS MAXIMOS S/A IND C11032013000000001832560000000000000000000000000000000110320130000000018325600000000000000004773                900005060           09      00        
0330002300012Z70976E18CD5FBD617C123E8                                         PGTFORNB11032013900005060                                                                                                                               00        
0330002300013J00009091563300001644003801000010023413000186700UNIMED SALTO/ITU COOP TRAB MED10032013000000000164400000000000000000000000000000000110320130000000001644000000000000000004774                900005061           09      00        
0330002300014Z70976E1BFF43FB4643C0B47                                         PGTFORNB11032013900005061                                                                                                                               00        
0330002300015J00009091563300015701503801000010023413000185266UNIMED SALTO/ITU COOP TRAB MED10032013000000001570150000000000000000000000000000000110320130000000015701500000000000000004775                900005062           09      00        
0330002300016Z70976E1463A7CDECB2506E5                                         PGTFORNB11032013900005062                                                                                                                               00        
0330002300017J00034191563300008227291128788472610076004985000UNIMED SOROCABA COOP TRABALHO 10032013000000000822729000000000000000000000000000000110320130000000008227290000000000000004776                900005063           09      00        
0330002300018Z70976E1FE09F63402163104                                         PGTFORNB11032013900005063                                                                                                                               00        
0330002300019J00034198563300000391721571904409580278483557000AUTO POSTO ESTRADAO DE ITU LTD10032013000000000039172000000000000000000000000000000110320130000000000391720000000000000004777                900005064           09      00        
0330002300020Z70976E16914840084EBDBDD                                         PGTFORNB11032013900005064                                                                                                                               00        
0330002300021J00034192000000000090761750469171082938010580000EMPRESA BRASILEIRA DE TELECOMU10032013000000000009076000000000000000000000000000000110320130000000000090760000000000000004780                900005065           09      00        
0330002300022Z70976E176B70E898A0C0DC7                                         PGTFORNB11032013900005065                                                                                                                               00        
0330002300023J00010492563300000088400014703428790004839413011SANESALTO SANEAMENTO SA       10032013000000000008840000000000000000000000000000000110320130000000000088400000000000000004781                900005066           09      00        
0330002300024Z70976E1E1EEB615C6202999                                         PGTFORNB11032013900005066                                                                                                                               00        
0330002300025J00034192563300000000001750175160208052145193000SINDICATO DOS EMPREGADOS NO CO10032013000000000067109000000000000000000000000000000110320130000000000671090000000000000004782                900005067           09      00        
0330002300026Z70976E182B752D218391347                                         PGTFORNB11032013900005067                                                                                                                               00        
0330002300027J00023791563200000615322622093039000008200970050ABSOLUTA DISTR DE AUTOMOVEIS L09032013000000000061532000000000000000000000000000000110320130000000000615320000000000000004704                900004998           09      00        
0330002300028Z70976E1F88EF05E6676ABE6                                         PGTFORNB11032013900004998                                                                                                                               00        
0330002300029J00034194563200000137931127567079832938000052000EATON LTDA                    09032013000000000013793000000000000000000000000000000110320130000000000137930000000000000004705                900004999           09      00        
0330002300030Z70976E1169C649FC2BBEF02                                         PGTFORNB11032013900004999                                                                                                                               00        
0330002300031J00034194563200000040261127979486532938000052000EATON LTDA                    09032013000000000004026000000000000000000000000000000110320130000000000040260000000000000004706                900005000           09      00        
0330002300032Z70976E18356A74A280A58D0                                         PGTFORNB11032013900005000                                                                                                                               00        
0330002300033J00000193563200000435000000001451672443735404111BANCO VOTORANTIM SA           09032013000000000043500000000000000000000000000000000110320130000000000435000000000000000004708                900005001           09      00        
0330002300034Z70976E1D205F841A8F9E686                                         PGTFORNB11032013900005001                                                                                                                               00        
0330002300035J00023791563200000255953394090000016902700324600MORELATE DISTRIBUIDORA DE AUTO09032013000000000025595000000000000000000000000000000110320130000000000255950000000000000004709                900005002           09      00        
0330002300036Z70976E1712CD3FAAF58F5A9                                         PGTFORNB11032013900005002                                                                                                                               00        
0330002300037J00023798563200000320002025090000000153700035990VENANPECAS LTDA               09032013000000000032000000000000000000000000000000000110320130000000000320000000000000000004710                900005003           09      00        
0330002300038Z70976E13B55C1436B79DC20                                         PGTFORNB11032013900005003                                                                                                                               00        
0330002300039J00034191563200000107001091478209740513721555000VENANPECAS LTDA               09032013000000000010700000000000000000000000000000000110320130000000000107000000000000000004711                900005004           09      00        
0330002300040Z70976E13C471014408B414E                                         PGTFORNB11032013900005004                                                                                                                               00        
0330002300041J00034192563300000661941571894047976260139677000ABDELNOR II COM COMB LTDA     10032013000000000066194000000000000000000000000000000110320130000000000661940000000000000004712                900005005           09      00        
0330002300042Z70976E1D2F3B5D585AC9C7D                                         PGTFORNB11032013900005005                                                                                                                               00        
0330002300043J00034191563300000601871128018568760237417159000ACCIOLY SA IMP E COM          10032013000000000060187000000000000000000000000000000110320130000000000601870000000000000004713                900005006           09      00        
0330002300044Z70976E12D654463E22E9AE2                                         PGTFORNB11032013900005006                                                                                                                               00        
0330002300045J00034194563300000150001128715813629107002439000AUTO PECAS CASTRO LTDA        10032013000000000015000000000000000000000000000000000110320130000000000150000000000000000004714                900005007           09      00        
0330002300046Z70976E1E7E53F56ACD8DB56                                         PGTFORNB11032013900005007                                                                                                                               00        
0330002300047J00000197563300000250901823850912129130010401917CAMPINAS DIESEL LTDA          10032013000000000025090000000000000000000000000000000110320130000000000250900000000000000004715                900005008           09      00        
0330002300048Z70976E1751F424C2F87A259                                         PGTFORNB11032013900005008                                                                                                                               00        
0330002300049J00034198563300001545571090000073840350755971000COSMOVIX DISTRIBUIDORA LTDA   10032013000000000154557000000000000000000000000000000110320130000000001545570000000000000004716                900005009           09      00        
0330002300050Z70976E180324A35BA20EAAE                                         PGTFORNB11032013900005009                                                                                                                               00        
0330002300051J00000191563300000577134584340000000000100039921DB DISTRIBUIDORA DE BATERIAS L10032013000000000057713000000000000000000000000000000110320130000000000577130000000000000004717                900005010           09      00        
0330002300052Z70976E16C30017B319EDA13                                         PGTFORNB11032013900005010                                                                                                                               00        
0330002300053J00034191563300000610371127607249822938000052000EATON LTDA                    10032013000000000061037000000000000000000000000000000110320130000000000610370000000000000004718                900005011           09      00        
0330002300054Z70976E18FDE31AE961B70A6                                         PGTFORNB11032013900005011                                                                                                                               00        
0330002300055J00034198563400000032511127650630632938000052000EATON LTDA                    11032013000000000003251000000000000000000000000000000110320130000000000032510000000000000004738                900005030           09      00        
0330002300056Z70976E14E5114D829591870                                         PGTFORNB11032013900005030                                                                                                                               00        
0330002300057J00034197563400006515141128716231070017697418000THOMSON C I COM PROD AUT LTDA 11032013000000000651514000000000000000000000000000000110320130000000006515140000000000000004767                900005054           09      00        
0330002300058Z70976E12142546FA213A6AD                                         PGTFORNB11032013900005054                                                                                                                               00        
0330002300059J00000198563300007286934584340000000000100040021DB DISTRIBUIDORA DE BATERIAS L10032013000000000728693000000000000000000000000000000110320130000000007286930000000000000004768                900005055           09      00        
0330002300060Z70976E1F65D1FC94FFD2061                                         PGTFORNB11032013900005055                                                                                                                               00        
0330002300061J00034191563300000000001750175160468052145193000SINDICATO DOS EMPREGADOS NO CO10032013000000000015434000000000000000000000000000000110320130000000000154340000000000000004783                900005068           09      00        
0330002300062Z70976E19C9CF8E42883F4B4                                         PGTFORNB11032013900005068                                                                                                                               00        
0330002300063J00034199563300000705531090000544148052016014000IRMAOS FERRETI E CIA LTDA     10032013000000000070553000000000000000000000000000000110320130000000000705530000000000000004722                900005015           09      00        
0330002300064Z70976E1760AC5914031B4BB                                         PGTFORNB11032013900005015                                                                                                                               00        
0330002300065J00023793563300000284203394090000016983000324600MORELATE DISTRIBUIDORA DE AUTO10032013000000000028420000000000000000000000000000000110320130000000000284200000000000000004724                900005016           09      00        
0330002300066Z70976E1CCFF6019EBDA589E                                         PGTFORNB11032013900005016                                                                                                                               00        
0330002300067J00000195563300000685470000001216979444556287931NOVA DISTRIBUIDORA DE VEICULOS10032013000000000068547000000000000000000000000000000110320130000000000685470000000000000004725                900005017           09      00        
0330002300068Z70976E1651CED0EB99119D5                                         PGTFORNB11032013900005017                                                                                                                               00        
0330002300069J00034193563300000448451128531529353048155083000PARQUE DIST SUPRIMENTOS PARA E10032013000000000044845000000000000000000000000000000110320130000000000448450000000000000004726                900005018           09      00        
0330002300070Z70976E1447793E86286FBB8                                         PGTFORNB11032013900005018                                                                                                                               00        
0330002300071J00039997563300000643293133569802105313093513001REAL MOTO PECAS LTDA          10032013000000000064329000000000000000000000000000000110320130000000000643290000000000000004727                900005019           09      00        
0330002300072Z70976E14E9778B214A1A428                                         PGTFORNB11032013900005019                                                                                                                               00        
0330002300073J00023796563300001152103395061180232921100028140ROCHESTER DISTRIBUIDORA DE AUT10032013000000000115210000000000000000000000000000000110320130000000001152100000000000000004728                900005020           09      00        
0330002300074Z70976E1F220D8AE66831BB2                                         PGTFORNB11032013900005020                                                                                                                               00        
0330002300075J00000196563300001063020000001148003000007401117VESPOR AUTOMOTIVE DIST DE AUTO10032013000000000106302000000000000000000000000000000110320130000000001063020000000000000004729                900005021           09      00        
0330002300076Z70976E176F2187977663525                                         PGTFORNB11032013900005021                                                                                                                               00        
0330002300077J00023791000000000000002025062025292003700001600BARROS E FILHOS LTDA          11032013000000000132757000000000000000000000000000000110320130000000001327570000000000000004730                900005022           09      00        
0330002300078Z70976E1E524A72D65CCA06C                                         PGTFORNB11032013900005022                                                                                                                               00        
0330002300079J00034198563400001813471127994852581248021303000BANCO FIBRA SA                11032013000000000181347000000000000000000000000000000110320130000000001813470000000000000004731                900005023           09      00        
0330002300080Z70976E178FF9396132A23FC                                         PGTFORNB11032013900005023                                                                                                                               00        
0330002300081J00023793563400000375640495092352000020200995600CAOA CAMINHOES LTDA           11032013000000000037564000000000000000000000000000000110320130000000000375640000000000000004732                900005024           09      00        
0330002300082Z70976E1E689B62E766345B8                                         PGTFORNB11032013900005024                                                                                                                               00        
0330002300083J00000195563400000685720000002101041444526285011DECAL LINE COM PREST SERV SILK11032013000000000068572000000000000000000000000000000110320130000000000685720000000000000004733                900005025           09      00        
0330002300084Z70976E1C4430AF8A763AF97                                         PGTFORNB11032013900005025                                                                                                                               00        
0330002300085J00034197563300000000001750175160128052145193000SINDICATO DOS EMPREGADOS NO CO10032013000000000008325000000000000000000000000000000110320130000000000083250000000000000004784                900005069           09      00        
0330002300086Z70976E15739E1DED8BCCA6C                                         PGTFORNB11032013900005069                                                                                                                               00        
0330002300087J00034197563300000000001750180036148052145193000SINDICATO DOS EMPREGADOS NO CO10032013000000000021658000000000000000000000000000000110320130000000000216580000000000000004785                900005070           09      00        
0330002300088Z70976E1CDBEB884F77DDCEE                                         PGTFORNB11032013900005070                                                                                                                               00        
0330002300089J00034194563300000000001750175160388052145193000SINDICATO DOS EMPREGADOS NO CO10032013000000000010863000000000000000000000000000000110320130000000000108630000000000000004786                900005071           09      00        
0330002300090Z70976E12C486BB36ECBCA83                                         PGTFORNB11032013900005071                                                                                                                               00        
0330002300091J00034199563400000301491127650630892938000052000EATON LTDA                    11032013000000000030149000000000000000000000000000000110320130000000000301490000000000000004739                900005031           09      00        
0330002300092Z70976E1482D9D42D9A7A314                                         PGTFORNB11032013900005031                                                                                                                               00        
0330002300093J00034191563400000338551128081931902938000052000EATON LTDA                    11032013000000000033855000000000000000000000000000000110320130000000000338550000000000000004740                900005032           09      00        
0330002300094Z70976E18D2893125B3CB3FC                                         PGTFORNB11032013900005032                                                                                                                               00        
0330002300095J00034191563400000758341126874986522938107808000ELIVEL AUTOMOTORES LTDA       11032013000000000075834000000000000000000000000000000110320130000000000758340000000000000004741                900005033           09      00        
0330002300096Z70976E1E7D4E82266F89C73                                         PGTFORNB11032013900005033                                                                                                                               00        
0330002300097J00034196563400000550001090000074926830059603000EMPIRIO PARTS COM PECAS LTDA  11032013000000000055000000000000000000000000000000000110320130000000000550000000000000000004742                900005034           09      00        
0330002300098Z70976E1B48A0990A434A60A                                         PGTFORNB11032013900005034                                                                                                                               00        
0330002300099J00034196563400000166871090304592680109276204000GIRANDO COMERCIO DE PECAS LTDA11032013000000000016687000000000000000000000000000000110320130000000000166870000000000000004743                900005035           09      00        
0330002300100Z70976E1A12E936D34661927                                         PGTFORNB11032013900005035                                                                                                                               00        
0330002300101J00034194563400000522001128296792842938074016000ITAVOX VEICULOS               11032013000000000052200000000000000000000000000000000110320130000000000522000000000000000004745                900005036           09      00        
0330002300102Z70976E1BAAECB6D876A6740                                         PGTFORNB11032013900005036                                                                                                                               00        
0330002300103J00000198563400000203800000001729432000000063617MG TELECOMUNICACOES E INFORMAT11032013000000000020380000000000000000000000000000000110320130000000000203800000000000000004748                900005037           09      00        
0330002300104Z70976E132BB21C16C01F38D                                         PGTFORNB11032013900005037                                                                                                                               00        
0330002300105J00000191563400000213740000001729432000000063717MG TELECOMUNICACOES E INFORMAT11032013000000000021374000000000000000000000000000000110320130000000000213740000000000000004749                900005038           09      00        
0330002300106Z70976E16B14A521E8D97B2A                                         PGTFORNB11032013900005038                                                                                                                               00        
0330002300107J00034199563400000562991128716224480017328824000MTE THOMSON IND COM LTDA      11032013000000000056299000000000000000000000000000000110320130000000000562990000000000000004750                900005039           09      00        
0330002300108Z70976E10F37556EC559E432                                         PGTFORNB11032013900005039                                                                                                                               00        
0330002300109J00034197563400000902021128716223640017328824000MTE THOMSON IND COM LTDA      11032013000000000090202000000000000000000000000000000110320130000000000902020000000000000004751                900005040           09      00        
0330002300110Z70976E153472EC35F757976                                         PGTFORNB11032013900005040                                                                                                                               00        
0330002300111J00023798563400000658903394090000014078000324600MORELATE DISTRIBUIDORA DE AUTO11032013000000000065890000000000000000000000000000000110320130000000000658900000000000000004752                900005041           09      00        
0330002300112Z70976E183B69CEC4AA25C4A                                         PGTFORNB11032013900005041                                                                                                                               00        
0330002300113J00023791563400002383112500090256573183100000340ODAPEL DISTRIBUIDORA DE AUTO P11032013000000000238311000000000000000000000000000000110320130000000002383110000000000000004753                900005042           09      00        
0330002300114Z70976E17996C9CAD76C39FB                                         PGTFORNB11032013900005042                                                                                                                               00        
0330002300115J00023799563400000366542500090256573206500000340ODAPEL DISTRIBUIDORA DE AUTO P11032013000000000036654000000000000000000000000000000110320130000000000366540000000000000004754                900005043           09      00        
0330002300116Z70976E1283B73CDA4CE4B85                                         PGTFORNB11032013900005043                                                                                                                               00        
0330002300117J00023797563400002928992500090256573176100000340ODAPEL DISTRIBUIDORA DE AUTO P11032013000000000292899000000000000000000000000000000110320130000000002928990000000000000004755                900005044           09      00        
0330002300118Z70976E181D3E5DB3D64A512                                         PGTFORNB11032013900005044                                                                                                                               00        
0330002300119J00023791563400000134842500090256573116800000340ODAPEL DISTRIBUIDORA DE AUTO P11032013000000000013484000000000000000000000000000000110320130000000000134840000000000000004756                900005045           09      00        
0330002300120Z70976E1846F2856AF337C21                                         PGTFORNB11032013900005045                                                                                                                               00        
0330002300121J00023794563400000690832500090256573176900000340ODAPEL DISTRIBUIDORA DE AUTO P11032013000000000069083000000000000000000000000000000110320130000000000690830000000000000004757                900005046           09      00        
0330002300122Z70976E13BE1052EB73455BA                                         PGTFORNB11032013900005046                                                                                                                               00        
0330002300123J00034196000000000000001219866875811012365225000PACAEMBU AUTO PECAS LTDA      11032013000000000022400000000000000000000000000000000110320130000000000224000000000000000004758                900005047           09      00        
0330002300124Z70976E153F78CB76446C14A                                         PGTFORNB11032013900005047                                                                                                                               00        
0330002300125J00034191563400000467441128026523650191074004000POLIPECAS COMERCIAL E IMPORTAD11032013000000000046744000000000003272000000000000000110320130000000000434720000000000000004759                900005048           09      00        
0330002300126Z70976E1BE36107ED4E7F75E                                         PGTFORNB11032013900005048                                                                                                                               00        
0330002300127J00039998563400004821013133574319105313093513001REAL MOTO PECAS LTDA          11032013000000000482101000000000000000000000000000000110320130000000004821010000000000000004760                900005049           09      00        
0330002300128Z70976E1877A5E79B91F488A                                         PGTFORNB11032013900005049                                                                                                                               00        
0330002300129J00039991563400000944133133551237805313093513001REAL MOTO PECAS LTDA          11032013000000000094413000000000000000000000000000000110320130000000000944130000000000000004761                900005050           09      00        
0330002300130Z70976E1C3F9460C3ADD898C                                         PGTFORNB11032013900005050                                                                                                                               00        
0330002300131J00039995563400001550943133551243205313093513001REAL MOTO PECAS LTDA          11032013000000000155094000000000000000000000000000000110320130000000001550940000000000000004762                900005051           09      00        
0330002300132Z70976E15685EDAE68B1363C                                         PGTFORNB11032013900005051                                                                                                                               00        
0330002300133J00000196563400003420030444831142529490000659811SAMBEL INDUSTRIA E COMERCIO DE11032013000000000342003000000000000000000000000000000110320130000000003420030000000000000004763                900005052           09      00        
0330002300134Z70976E1BF6FCC02402A96C8                                         PGTFORNB11032013900005052                                                                                                                               00        
0330002300135J00023791563400000170323395090000005234900650000SORANA SUL                    11032013000000000017032000000000000000000000000000000110320130000000000170320000000000000004764                900005053           09      00        
0330002300136Z70976E159A8D433D440F79B                                         PGTFORNB11032013900005053                                                                                                                               00        
0330002300137J00034193563300001944321127607248182938000052000EATON LTDA                    10032013000000000194432000000000000000000000000000000110320130000000001944320000000000000004719                900005012           09      00        
0330002300138Z70976E167216978DE330A76                                         PGTFORNB11032013900005012                                                                                                                               00        
0330002300139J00034194563300000038741127607249332938000052000EATON LTDA                    10032013000000000003874000000000000000000000000000000110320130000000000038740000000000000004720                900005013           09      00        
0330002300140Z70976E1168316AEED2734D0                                         PGTFORNB11032013900005013                                                                                                                               00        
0330002300141J00034191563300001724491127502180112938107808000ELIVEL AUTOMOTORES LTDA       10032013000000000172449000000000000000000000000000000110320130000000001724490000000000000004721                900005014           09      00        
0330002300142Z70976E1B1674808163DFAF0                                         PGTFORNB11032013900005014                                                                                                                               00        
0330002300143J00034197563400001727791127917507902938030539000DELPHI AUTOM SYSTEMS BR LTDA  11032013000000000172779000000000000000000000000000000110320130000000001727790000000000000004734                900005026           09      00        
0330002300144Z70976E14DE81E3D856C806D                                         PGTFORNB11032013900005026                                                                                                                               00        
03300025         000146000000000013979133000000000000000000310311                                                                                                                                                                               
03300031C2003031 2054375370001370033006500490028050300065 0000480000414 AUTO GERAL DE ITU LTDA                                                                              00000                                   00000000                    
0330003300001A0007002370161400000000575402 AUTO POSTO CENTURY CAR LTDA   4791                11032013BRL000000000000000000000000070127900004986           11032013000000000070127                                        07          000        
0330003300002B   210417359000112                              00000                                                  00000000  110320130000000000701270000000000000000000000000000000000000000000000000000000000000000                00        
0330003300003Z70976E13CEC993E7A6C2406                                         PGTFORNB11032013900004986                                                                                                                               00        
03300035         000005000000000000070127000000000000000000030311                                                                                                                                                                               
03399999         000003000181000000                                                                                                                                                                                                             
