03300000         2054375370001370033006500490028050300065 0000480000414 AUTO GERAL DE ITU LTDA        SANTANDER                               21801201302180200016706000000                                                                     
03300011C2030030 2054375370001370033006500490028050300065 0000480000414 AUTO GERAL DE ITU LTDA                                                                              00000                                   00000000                    
0330001300001J00003391558200001485989513931700000103781970101DISTRIBUIDORA AUTOMOTIVA S/A  18012013000000000148598000000000000000000000000000000180120130000000001485980000000000000002982                900003255           09      00        
0330001300002Z70976E1BE08FE0458DA6B94                                         PGTFORNB18012013900003255                                                                                                                               00        
0330001300003J00035691558200000209000689070323420000004897790DISTRIBUIDORA AUTOMOTIVA S/A  18012013000000000020900000000000000000000000000000000180120130000000000209000000000000000002987                900003270           09      00        
0330001300004Z70976E1886E7FED5865C4BA                                         PGTFORNB18012013900003270                                                                                                                               00        
0330001300005J00003399558200000902659121618000000004041280203TARANTO COML IMP E EXP        18012013000000000090265000000000000000000000000000000180120130000000000902650000000000000003017                900003256           09      00        
0330001300006Z70976E131DBE373F406BC60                                         PGTFORNB18012013900003256                                                                                                                               00        
0330001300007J00035691558200000137540689070323480000004897919DISTRIBUIDORA AUTOMOTIVA S/A  18012013000000000013754000000000000000000000000000000180120130000000000137540000000000000002981                900003265           09      00        
0330001300008Z70976E18AA48D846CD0476D                                         PGTFORNB18012013900003265                                                                                                                               00        
0330001300009J00035691558200001796730689070323420000005566980DISTRIBUIDORA AUTOMOTIVA S/A  18012013000000000179673000000000000000000000000000000180120130000000001796730000000000000002983                900003266           09      00        
0330001300010Z70976E189C148B467D9049E                                         PGTFORNB18012013900003266                                                                                                                               00        
0330001300011J00035692558200000771500689070323470000004897969DISTRIBUIDORA AUTOMOTIVA S/A  18012013000000000077150000000000000000000000000000000180120130000000000771500000000000000002984                900003267           09      00        
0330001300012Z70976E112ACBC823DA383B0                                         PGTFORNB18012013900003267                                                                                                                               00        
0330001300013J00035691558200001609260689070323420000005748471DISTRIBUIDORA AUTOMOTIVA S/A  18012013000000000160926000000000000000000000000000000180120130000000001609260000000000000002985                900003268           09      00        
0330001300014Z70976E181877A3855CE4377                                         PGTFORNB18012013900003268                                                                                                                               00        
0330001300015J00035695558200000533940689070323440000004897970DISTRIBUIDORA AUTOMOTIVA S/A  18012013000000000053394000000000000000000000000000000180120130000000000533940000000000000002986                900003269           09      00        
0330001300016Z70976E1A62F11461175EECB                                         PGTFORNB18012013900003269                                                                                                                               00        
03300015         000018000000000000744660000000000000000000300118                                                                                                                                                                               
03300021C2031030 2054375370001370033006500490028050300065 0000480000414 AUTO GERAL DE ITU LTDA                                                                              00000                                   00000000                    
0330002300001J00023798558200000296560138092349000002501453000OBB CONSULTORIA E PARTICIPACOE18012013000000000029656000000000000000000000000000000180120130000000000296560000000000000002988                900003271           09      00        
0330002300002Z70976E194ADF79F23A0FB0C                                         PGTFORNB18012013900003271                                                                                                                               00        
0330002300003J00034191558200002935091127179661242938000052000EATON LTDA                    18012013000000000293509000000000000000000000000000000180120130000000002935090000000000000002989                900003272           09      00        
0330002300004Z70976E10378E69501CB9825                                         PGTFORNB18012013900003272                                                                                                                               00        
0330002300005J00034191558200000339441127179663712938000052000EATON LTDA                    18012013000000000033944000000000000000000000000000000180120130000000000339440000000000000002990                900003273           09      00        
0330002300006Z70976E1B9304718D42E58D9                                         PGTFORNB18012013900003273                                                                                                                               00        
0330002300007J00034194558200000115601127179663482938000052000EATON LTDA                    18012013000000000011560000000000000000000000000000000180120130000000000115600000000000000002991                900003274           09      00        
0330002300008Z70976E1C055FAFCB6946994                                         PGTFORNB18012013900003274                                                                                                                               00        
0330002300009J00034196558200000152491126689708442938000052000EATON LTDA                    18012013000000000015249000000000000000000000000000000180120130000000000152490000000000000002992                900003275           09      00        
0330002300010Z70976E12A4687DA322D3C58                                         PGTFORNB18012013900003275                                                                                                                               00        
0330002300011J00034195558200000408281126196978500046365078000FELICIO VIGORITO FILHOS LTDA  18012013000000000040828000000000000000000000000000000180120130000000000408280000000000000002993                900003276           09      00        
0330002300012Z70976E1FC0D7EF1C21A2352                                         PGTFORNB18012013900003276                                                                                                                               00        
0330002300013J00034191558200000444001090304328280109276204000GIRANDO COMERCIO DE PECAS LTDA18012013000000000044400000000000000000000000000000000180120130000000000444000000000000000002994                900003277           09      00        
0330002300014Z70976E1F22FAE90684C5618                                         PGTFORNB18012013900003277                                                                                                                               00        
0330002300015J00039991558200002064856696534567204540096965001PELLEGRINO DISTRIBUIDORA DE AU18012013000000000206485000000000000000000000000000000180120130000000002064850000000000000003003                900003286           09      00        
0330002300016Z70976E12A0BEDBE6AE7C6C3                                         PGTFORNB18012013900003286                                                                                                                               00        
0330002300017J00039994558200002244946696534565604540096965001PELLEGRINO DISTRIBUIDORA DE AU18012013000000000224494000000000000000000000000000000180120130000000002244940000000000000003004                900003287           09      00        
0330002300018Z70976E1DA1BD3E5650775FE                                         PGTFORNB18012013900003287                                                                                                                               00        
0330002300019J00039995558200000503078145176730504540096965001PELLEGRINO DISTRIBUIDORA DE AU18012013000000000050307000000000000000000000000000000180120130000000000503070000000000000003005                900003288           09      00        
0330002300020Z70976E1D60BA1CCCA531A9E                                         PGTFORNB18012013900003288                                                                                                                               00        
0330002300021J00039996558200015029578144667828004540096965001PELLEGRINO DISTRIBUIDORA DE AU18012013000000001502957000000000000000000000000000000180120130000000015029570000000000000003006                900003289           09      00        
0330002300022Z70976E133B3A2C9E527AB0E                                         PGTFORNB18012013900003289                                                                                                                               00        
0330002300023J00039992558200001096442696549210004540096965001PELLEGRINO DISTRIBUIDORA DE AU18012013000000000109644000000000000000000000000000000180120130000000001096440000000000000003007                900003290           09      00        
0330002300024Z70976E103F6623826392FCD                                         PGTFORNB18012013900003290                                                                                                                               00        
0330002300025J00000196558200000868890442876992433200000052731RAYTON INDUSTRIAL SA          18012013000000000086889000000000000000000000000000000180120130000000000868890000000000000003008                900003291           09      00        
0330002300026Z70976E13BF9E4649D0CC0A3                                         PGTFORNB18012013900003291                                                                                                                               00        
0330002300027J00039996558200001697582315362311205313093513001REAL MOTO PECAS LTDA          18012013000000000169758000000000000000000000000000000180120130000000001697580000000000000003009                900003292           09      00        
0330002300028Z70976E1FCAC19ACEB1B4532                                         PGTFORNB18012013900003292                                                                                                                               00        
0330002300029J00039997558200001255772315361445805313093513001REAL MOTO PECAS LTDA          18012013000000000125577000000000000000000000000000000180120130000000001255770000000000000003010                900003293           09      00        
0330002300030Z70976E179AA1DC02569DD9B                                         PGTFORNB18012013900003293                                                                                                                               00        
0330002300031J00039991558200001729432315362915305313093513001REAL MOTO PECAS LTDA          18012013000000000172943000000000000000000000000000000180120130000000001729430000000000000003011                900003294           09      00        
0330002300032Z70976E14A954EE08982A303                                         PGTFORNB18012013900003294                                                                                                                               00        
0330002300033J00023799558200000368653395061180232864800028140ROCHESTER DISTRIBUIDORA DE AUT18012013000000000036865000000000000000000000000000000180120130000000000368650000000000000003012                900003295           09      00        
0330002300034Z70976E1E0CC88053E9954E8                                         PGTFORNB18012013900003295                                                                                                                               00        
0330002300035J00000192558200000058000443580499019140000644711SHARK TRATORES E PECAS LTDA   18012013000000000005800000000000000000000000000000000180120130000000000058000000000000000003013                900003296           09      00        
0330002300036Z70976E19238692C9FED9F31                                         PGTFORNB18012013900003296                                                                                                                               00        
0330002300037J00000192558200000130000000001572502000001796617SHARK TRATORES E PECAS LTDA   18012013000000000013000000000000000000000000000000000180120130000000000130000000000000000003014                900003297           09      00        
0330002300038Z70976E1E8F264C3A23EA19C                                         PGTFORNB18012013900003297                                                                                                                               00        
0330002300039J00023791558200000289023395090000005187600650000SORANA SUL                    18012013000000000028902000000000000000000000000000000180120130000000000289020000000000000003015                900003298           09      00        
0330002300040Z70976E160E56D04C646E395                                         PGTFORNB18012013900003298                                                                                                                               00        
0330002300041J00034198558200009300001127090352928495258256000SEGVEL COMERCIAL LTDA         18012013000000000930000000000000000000000000000000000180120130000000009300000000000000000003016                900003299           09      00        
0330002300042Z70976E1D4A79647D9FB04F1                                         PGTFORNB18012013900003299                                                                                                                               00        
0330002300043J00023794558200003531951495090000013728900119200VALCLEI IND E COM LTDA        18012013000000000353195000000000000000000000000000000180120130000000003531950000000000000003018                900003300           09      00        
0330002300044Z70976E17A20BFBADCCB0E4B                                         PGTFORNB18012013900003300                                                                                                                               00        
0330002300045J00000194558200003570640443310691734200002431331ZM S/A                        18012013000000000357064000000000000000000000000000000180120130000000003570640000000000000003019                900003301           09      00        
0330002300046Z70976E1B9CDFABDB0F89F13                                         PGTFORNB18012013900003301                                                                                                                               00        
0330002300047J00075692558200000974831319102003307302369518001AUTO POSTO REI DA CASTELO PORT18012013000000000097483000000000000000000000000000000180120130000000000974830000000000000003020                900003302           09      00        
0330002300048Z70976E116FBEA401A7A5499                                         PGTFORNB18012013900003302                                                                                                                               00        
0330002300049J00034195558200003178881090000469200452910011000ONIN DISTR DE AUTOPECAS LTDA  18012013000000000317888000000000000000000000000000000180120130000000003178880000000000000003032                900003303           09      00        
0330002300050Z70976E1A21DA0626DFDB132                                         PGTFORNB18012013900003303                                                                                                                               00        
0330002300051J00034192558200001087211090304328100109276204000GIRANDO COMERCIO DE PECAS LTDA18012013000000000108721000000000000000000000000000000180120130000000001087210000000000000002995                900003278           09      00        
0330002300052Z70976E12D374C64E1F100EA                                         PGTFORNB18012013900003278                                                                                                                               00        
0330002300053J00034196558200000170071090304323230109276204000GIRANDO COMERCIO DE PECAS LTDA18012013000000000017007000000000000000000000000000000180120130000000000170070000000000000002996                900003279           09      00        
0330002300054Z70976E1B190342B98108327                                         PGTFORNB18012013900003279                                                                                                                               00        
0330002300055J00034191558200004798211816220984490352848675000IND E COMERCIO LUSAR LTDA     18012013000000000479821000000000000000000000000000000180120130000000004798210000000000000002997                900003280           09      00        
0330002300056Z70976E18154C7E77D714009                                         PGTFORNB18012013900003280                                                                                                                               00        
0330002300057J00023796558200000173003372097672307842100536350MAGGI MOTOS LTDA              18012013000000000017300000000000000000000000000000000180120130000000000173000000000000000002998                900003281           09      00        
0330002300058Z70976E1655ECA354DF2C02F                                         PGTFORNB18012013900003281                                                                                                                               00        
0330002300059J00023796558200000243203394090000014517600324600MORELATE DISTRIBUIDORA DE AUTO18012013000000000024320000000000000000000000000000000180120130000000000243200000000000000002999                900003282           09      00        
0330002300060Z70976E1BF85EE21C8A6AB8E                                         PGTFORNB18012013900003282                                                                                                                               00        
0330002300061J00023797558200000659103394090000014466800324600MORELATE DISTRIBUIDORA DE AUTO18012013000000000065910000000000000000000000000000000180120130000000000659100000000000000003000                900003283           09      00        
0330002300062Z70976E1EAA709BA0CF88726                                         PGTFORNB18012013900003283                                                                                                                               00        
0330002300063J00039999558200002263778144667826404540096965001PELLEGRINO DISTRIBUIDORA DE AU18012013000000000226377000000000000000000000000000000180120130000000002263770000000000000003001                900003284           09      00        
0330002300064Z70976E12AB00F684361B961                                         PGTFORNB18012013900003284                                                                                                                               00        
0330002300065J00039998558200002376328144667827204540096965001PELLEGRINO DISTRIBUIDORA DE AU18012013000000000237632000000000000000000000000000000180120130000000002376320000000000000003002                900003285           09      00        
0330002300066Z70976E15679EBEDDE335280                                         PGTFORNB18012013900003285                                                                                                                               00        
0330002300067J00023792558200000233353371090000833802300719500AVEBRAZ COMERCIO DE VEICULOS E18012013000000000023335000000000000000000000000000000180120130000000000233350000000000000002973                900003257           09      00        
0330002300068Z70976E14F9E74054598FEC9                                         PGTFORNB18012013900003257                                                                                                                               00        
0330002300069J00034199558200000292001127149286300076000777000CENTER PECAS FABBRI LTDA      18012013000000000029200000000000000000000000000000000180120130000000000292000000000000000002974                900003258           09      00        
0330002300070Z70976E142EF115E731D88E4                                         PGTFORNB18012013900003258                                                                                                                               00        
0330002300071J00034191558200000099501127149286630076000777000CENTER PECAS FABBRI LTDA      18012013000000000009950000000000000000000000000000000180120130000000000099500000000000000002975                900003259           09      00        
0330002300072Z70976E19E9DE567B1A5D5EC                                         PGTFORNB18012013900003259                                                                                                                               00        
0330002300073J00039994558200000600311766840140602680075859001COBRA ROLAMENTOS E AUTO PECAS 18012013000000000060031000000000000000000000000000000180120130000000000600310000000000000002976                900003260           09      00        
0330002300074Z70976E19E4E4CCB7D41EF15                                         PGTFORNB18012013900003260                                                                                                                               00        
0330002300075J00023795558200000728183262090000033045700935470COMDIP COMERCIAL DISTR DE PECA18012013000000000072818000000000000000000000000000000180120130000000000728180000000000000002977                900003261           09      00        
0330002300076Z70976E1B81B4F6765668752                                         PGTFORNB18012013900003261                                                                                                                               00        
0330002300077J00023791558200001033032002061301389451100829680COMERCIAL AUTOMOTIVA S.A.     18012013000000000103303000000000000000000000000000000180120130000000001033030000000000000002978                900003262           09      00        
0330002300078Z70976E1E71585809555FF4D                                         PGTFORNB18012013900003262                                                                                                                               00        
0330002300079J00034197558200000067061571174967164522114471000COML NV MILLENNIUN A P LTDA EP18012013000000000006706000000000000335000000000000000180120130000000000063710000000000000002979                900003263           09      00        
0330002300080Z70976E1E020539063F5895F                                         PGTFORNB18012013900003263                                                                                                                               00        
0330002300081J00023797558200002169990119060000000969600682000CORCERAMA COM DE AUTOPECAS LTD18012013000000000216999000000000000000000000000000000180120130000000002169990000000000000002980                900003264           09      00        
0330002300082Z70976E104A722DCAF4BA4BE                                         PGTFORNB18012013900003264                                                                                                                               00        
03300025         000084000000000006957492000000000000000000310118                                                                                                                                                                               
03399999         000002000104000000                                                                                                                                                                                                             
