03300000         2054375370001370033006500490028050300065 0000480000414 AUTO GERAL DE ITU LTDA        SANTANDER                               21803201303123700027506000000                                                                     
03300011C2030030 2054375370001370033006500490028050300065 0000480000414 AUTO GERAL DE ITU LTDA                                                                              00000                                   00000000                    
0330001300001J00003396564100000210009185433000000001810300203BECAP COM DE AUTO PECAS LTDA  18032013000000000021000000000000000000000000000000000180320130000000000210000000000000000004982                900005234           09      00        
0330001300002Z70976E1A5E17216C965B656                                         PGTFORNB18032013900005234                                                                                                                               00        
0330001300003J00003394564100003658679482285400000091874210203JOFUND S/A                    18032013000000000365867000000000000000000000000000000180320130000000003658670000000000000004996                900005235           09      00        
0330001300004Z70976E16C1D0C01F58F3C04                                         PGTFORNB18032013900005235                                                                                                                               00        
0330001300005J00003394564100000845499184001020020000353240203MARIA HENRIQUETA SILVA TROFINO18032013000000000084549000000000000000000000000000000180320130000000000845490000000000000004998                900005236           09      00        
0330001300006Z70976E182AB73CDA0C4C35D                                         PGTFORNB18032013900005236                                                                                                                               00        
03300015         000008000000000000471416000000000000000000300318                                                                                                                                                                               
03300021C2031030 2054375370001370033006500490028050300065 0000480000414 AUTO GERAL DE ITU LTDA                                                                              00000                                   00000000                    
0330002300001J00023791563900000349021316090000010285400009000APS DISTRIBUIDORA DE AUTOPECAS16032013000000000034902000000000000000000000000000000180320130000000000349020000000000000004952                900005237           09      00        
0330002300002Z70976E1CAEB92C881907A2E                                         PGTFORNB18032013900005237                                                                                                                               00        
0330002300003J00023795564000001180853180091330361504000158190GUPE DISTR DE AUTOPECAS LTDA  17032013000000000118085000000000000000000000000000000180320130000000001180850000000000000004976                900005261           09      00        
0330002300004Z70976E1EEEDA7C1F48253E0                                         PGTFORNB18032013900005261                                                                                                                               00        
0330002300005J00000199564000000549900000002384889443901953411INCOPARTS IND E COM DE PECAS L17032013000000000054990000000000000000000000000000000180320130000000000549900000000000000004977                900005262           09      00        
0330002300006Z70976E11974CD109C3E2E29                                         PGTFORNB18032013900005262                                                                                                                               00        
0330002300007J00034191564000000433701090010494662938050420000ITA PECAS PARA VEIC COM E SERV17032013000000000043370000000000000000000000000000000180320130000000000433700000000000000004978                900005263           09      00        
0330002300008Z70976E1BF633910F72D53F5                                         PGTFORNB18032013900005263                                                                                                                               00        
0330002300009J00023791564000000137543395061180232929200028140ROCHESTER DISTRIBUIDORA DE AUT17032013000000000013754000000000000000000000000000000180320130000000000137540000000000000004979                900005264           09      00        
0330002300010Z70976E1AD4654F50477F781                                         PGTFORNB18032013900005264                                                                                                                               00        
0330002300011J00034198564100001019931128586541170009330481000ADERE PRODUTOS AUTO ADESIVOS L18032013000000000101993000000000000000000000000000000180320130000000001019930000000000000004980                900005265           09      00        
0330002300012Z70976E1787BCA355D0CC619                                         PGTFORNB18032013900005265                                                                                                                               00        
0330002300013J00000196564100000091328336191649209700000127018ALARMAQ EQTOS DE SEGURANCA LTD18032013000000000009132000000000000000000000000000000180320130000000000091320000000000000004981                900005266           09      00        
0330002300014Z70976E1A967E185D16B1B7F                                         PGTFORNB18032013900005266                                                                                                                               00        
0330002300015J00034191564100000745001127967682278514325201000BODIPASA BOMBAS DIESEL PAULIST18032013000000000074500000000000000000000000000000000180320130000000000745000000000000000004983                900005267           09      00        
0330002300016Z70976E12BF55A1D7D0C8F3A                                         PGTFORNB18032013900005267                                                                                                                               00        
0330002300017J00023794564100000555293114091395769910701763000BANCO SAFRA S/A               18032013000000000055529000000000000000000000000000000180320130000000000555290000000000000004984                900005268           09      00        
0330002300018Z70976E1CAAE3E9DC21D8C7F                                         PGTFORNB18032013900005268                                                                                                                               00        
0330002300019J00023792564100000367692002061301413742100829680COMERCIAL AUTOMOTIVA S.A.     18032013000000000036769000000000000000000000000000000180320130000000000367690000000000000004985                900005269           09      00        
0330002300020Z70976E1E0C9C1936466F15C                                         PGTFORNB18032013900005269                                                                                                                               00        
0330002300021J00023795564100000171302002061301413488100829680COMERCIAL AUTOMOTIVA S.A.     18032013000000000017130000000000000000000000000000000180320130000000000171300000000000000004986                900005270           09      00        
0330002300022Z70976E1D33BA7C77BCDB0D9                                         PGTFORNB18032013900005270                                                                                                                               00        
0330002300023J00023798564100000288442002061301413625100829680COMERCIAL AUTOMOTIVA S.A.     18032013000000000028844000000000000000000000000000000180320130000000000288440000000000000004987                900005271           09      00        
0330002300024Z70976E1D2F4BD8CFDEE0C65                                         PGTFORNB18032013900005271                                                                                                                               00        
0330002300025J00023798564100000407760138093049000006901370000BBL SISTEMAS OPERACIONAIS LTDA18032013000000000040776000000000000000000000000000000180320130000000000407760000000000000004988                900005272           09      00        
0330002300026Z70976E1D13985623ECD8F90                                         PGTFORNB18032013900005272                                                                                                                               00        
0330002300027J00034191564100000181941128269615372938000052000EATON LTDA                    18032013000000000018194000000000000000000000000000000180320130000000000181940000000000000004989                900005273           09      00        
0330002300028Z70976E12F94F9978F7A856D                                         PGTFORNB18032013900005273                                                                                                                               00        
0330002300029J00034199564100001299021128269615292938000052000EATON LTDA                    18032013000000000129902000000000000000000000000000000180320130000000001299020000000000000004990                900005274           09      00        
0330002300030Z70976E127E355BA78DA390A                                         PGTFORNB18032013900005274                                                                                                                               00        
0330002300031J00034198564100000495391127863136382938000052000EATON LTDA                    18032013000000000049539000000000000000000000000000000180320130000000000495390000000000000004991                900005275           09      00        
0330002300032Z70976E1F0C6AEC0500C14C0                                         PGTFORNB18032013900005275                                                                                                                               00        
0330002300033J00034197564100000220621127094818502938107808000ELIVEL AUTOMOTORES LTDA       18032013000000000022062000000000000000000000000000000180320130000000000220620000000000000004992                900005276           09      00        
0330002300034Z70976E1FBF793DD65A38B39                                         PGTFORNB18032013900005276                                                                                                                               00        
0330002300035J00034197563900000373501128596066600076000777000CENTER PECAS FABBRI LTDA      16032013000000000037350000000000000000000000000000000180320130000000000373500000000000000004953                900005238           09      00        
0330002300036Z70976E137A7BE24008C2CB1                                         PGTFORNB18032013900005238                                                                                                                               00        
0330002300037J00034192563900000064001128596066860076000777000CENTER PECAS FABBRI LTDA      16032013000000000006400000000000000000000000000000000180320130000000000064000000000000000004954                900005239           09      00        
0330002300038Z70976E19FBAE55EFA5F13EE                                         PGTFORNB18032013900005239                                                                                                                               00        
0330002300039J00034193563900000034001128596066780076000777000CENTER PECAS FABBRI LTDA      16032013000000000003400000000000000000000000000000000180320130000000000034000000000000000004955                900005240           09      00        
0330002300040Z70976E1EE2B669959BCBBA1                                         PGTFORNB18032013900005240                                                                                                                               00        
0330002300041J00034192563900000625631127567624758351016152000MANDO MACHINERY LTDA          16032013000000000062563000000000000000000000000000000180320130000000000625630000000000000004956                900005241           09      00        
0330002300042Z70976E1C3C9116FE3F5E93C                                         PGTFORNB18032013900005241                                                                                                                               00        
0330002300043J00034198564100000263771090304636580109276204000GIRANDO COMERCIO DE PECAS LTDA18032013000000000026377000000000000000000000000000000180320130000000000263770000000000000004993                900005277           09      00        
0330002300044Z70976E112988CD70B834F08                                         PGTFORNB18032013900005277                                                                                                                               00        
0330002300045J00034193564100007660471090304633930109276204000GIRANDO COMERCIO DE PECAS LTDA18032013000000000766047000000000000000000000000000000180320130000000007660470000000000000004994                900005278           09      00        
0330002300046Z70976E10028DCBA17647BF4                                         PGTFORNB18032013900005278                                                                                                                               00        
0330002300047J00039991564100000214671767913062503280030090001ITAVEMA ITALIA VEICULOS E MAQU18032013000000000021467000000000000000000000000000000180320130000000000214670000000000000004995                900005279           09      00        
0330002300048Z70976E110EF8353D3EC38FC                                         PGTFORNB18032013900005279                                                                                                                               00        
0330002300049J00023797564100001131003372097672311666400767230MAGGI VEICULOS LTDA           18032013000000000113100000000000000000000000000000000180320130000000001131000000000000000004997                900005280           09      00        
0330002300050Z70976E17098D31B86388A2D                                         PGTFORNB18032013900005280                                                                                                                               00        
0330002300051J00023799564100000463463394090000016576600324600MORELATE DISTRIBUIDORA DE AUTO18032013000000000046346000000000000000000000000000000180320130000000000463460000000000000004999                900005281           09      00        
0330002300052Z70976E15BC1058FE015A7B2                                         PGTFORNB18032013900005281                                                                                                                               00        
0330002300053J00023792564100001849452500090256573850200000340ODAPEL DISTRIBUIDORA DE AUTO P18032013000000000184945000000000000000000000000000000180320130000000001849450000000000000005000                900005282           09      00        
0330002300054Z70976E13ABF5F2A1ECB792F                                         PGTFORNB18032013900005282                                                                                                                               00        
0330002300055J00023798564100002355772500090256573845500000340ODAPEL DISTRIBUIDORA DE AUTO P18032013000000000235577000000000000000000000000000000180320130000000002355770000000000000005001                900005283           09      00        
0330002300056Z70976E190F0799825DA600F                                         PGTFORNB18032013900005283                                                                                                                               00        
0330002300057J00023792564100001752652500090256573805200000340ODAPEL DISTRIBUIDORA DE AUTO P18032013000000000175265000000000000000000000000000000180320130000000001752650000000000000005002                900005284           09      00        
0330002300058Z70976E16AFDC641FEF17FE7                                         PGTFORNB18032013900005284                                                                                                                               00        
0330002300059J00023799564100003112022500090256573802600000340ODAPEL DISTRIBUIDORA DE AUTO P18032013000000000311202000000000000000000000000000000180320130000000003112020000000000000005003                900005285           09      00        
0330002300060Z70976E1D8290CAB2D2819E7                                         PGTFORNB18032013900005285                                                                                                                               00        
0330002300061J00039996564100000398108144670913504540096965001PELLEGRINO DISTRIBUIDORA DE AU18032013000000000039810000000000000000000000000000000180320130000000000398100000000000000005004                900005286           09      00        
0330002300062Z70976E1D6534CF562D9188C                                         PGTFORNB18032013900005286                                                                                                                               00        
0330002300063J00039999564100001077673133588043105313093513001REAL MOTO PECAS LTDA          18032013000000000107767000000000000000000000000000000180320130000000001077670000000000000005005                900005287           09      00        
0330002300064Z70976E1D60332AED3FD31A9                                         PGTFORNB18032013900005287                                                                                                                               00        
0330002300065J00039994564100000641693133569803005313093513001REAL MOTO PECAS LTDA          18032013000000000064169000000000000000000000000000000180320130000000000641690000000000000005006                900005288           09      00        
0330002300066Z70976E1FBD49B695BD2D4DD                                         PGTFORNB18032013900005288                                                                                                                               00        
0330002300067J00023798564100000673853395061180232930200028140ROCHESTER DISTRIBUIDORA DE AUT18032013000000000067385000000000000000000000000000000180320130000000000673850000000000000005007                900005289           09      00        
0330002300068Z70976E189C6B17E49035450                                         PGTFORNB18032013900005289                                                                                                                               00        
0330002300069J00023799564100000204133395090000005177900650000SORANA SUL                    18032013000000000020413000000000000000000000000000000180320130000000000204130000000000000005008                900005290           09      00        
0330002300070Z70976E1B8B3FB3859D869EA                                         PGTFORNB18032013900005290                                                                                                                               00        
0330002300071J00023791564100001203754130074130006230100050880SOUZA RAMOS COM E IMP LTDA    18032013000000000120375000000000000000000000000000000180320130000000001203750000000000000005009                900005291           09      00        
0330002300072Z70976E1401F87F05F5A4F8D                                         PGTFORNB18032013900005291                                                                                                                               00        
0330002300073J00034196564100001019121128224004150480001510000SUSIN FRANCESCUTTI METAL LTDA 18032013000000000101912000000000000000000000000000000180320130000000001019120000000000000005010                900005292           09      00        
0330002300074Z70976E1F0E01A9C67C919F2                                         PGTFORNB18032013900005292                                                                                                                               00        
0330002300075J00000196564100000137650444831226833260008018911T-PARTS COML E IMP DE AUTOPECA18032013000000000013765000000000000000000000000000000180320130000000000137650000000000000005011                900005293           09      00        
0330002300076Z70976E1C434282FACAD8B82                                         PGTFORNB18032013900005293                                                                                                                               00        
0330002300077J00034194564100000085001091478228060513721555000VENANPECAS LTDA               18032013000000000008500000000000000000000000000000000180320130000000000085000000000000000005012                900005294           09      00        
0330002300078Z70976E10EFC4CCEB6BF1A6D                                         PGTFORNB18032013900005294                                                                                                                               00        
0330002300079J00039999564100000864952400501494406573205239001RODONAVES TRANSP E ENCOMENDAS 18032013000000000086495000000000000000000000000000000180320130000000000864950000000000000005013                900005295           09      00        
0330002300080Z70976E133D216DEE1960C45                                         PGTFORNB18032013900005295                                                                                                                               00        
0330002300081J00039998564100000051052400501495206573205239001RODONAVES TRANSP E ENCOMENDAS 18032013000000000005105000000000000000000000000000000180320130000000000051050000000000000005014                900005296           09      00        
0330002300082Z70976E17351FFC6DFD17EF9                                         PGTFORNB18032013900005296                                                                                                                               00        
0330002300083J00023792563900000265313484093030000049501129000PETRONAS LUBRIFICANTES BRASIL 16032013000000000026531000000000000000000000000000000180320130000000000265310000000000000004957                900005242           09      00        
0330002300084Z70976E17C6BBFF8208DFC6A                                         PGTFORNB18032013900005242                                                                                                                               00        
0330002300085J00023797563900008726613484093030000049601129000PETRONAS LUBRIFICANTES BRASIL 16032013000000000872661000000000000000000000000000000180320130000000008726610000000000000004958                900005243           09      00        
0330002300086Z70976E16D81BB4FC5257EB3                                         PGTFORNB18032013900005243                                                                                                                               00        
0330002300087J00023799563900000611923395061180232927700028140ROCHESTER DISTRIBUIDORA DE AUT16032013000000000061192000000000000000000000000000000180320130000000000611920000000000000004959                900005244           09      00        
0330002300088Z70976E18C6B9186BBDB22B3                                         PGTFORNB18032013900005244                                                                                                                               00        
0330002300089J00034192563900008161691127899173020480001510000SUSIN FRANCESCUTTI METAL LTDA 16032013000000000816169000000000000000000000000000000180320130000000008161690000000000000004960                900005245           09      00        
0330002300090Z70976E1822437F5CEEE77D1                                         PGTFORNB18032013900005245                                                                                                                               00        
0330002300091J00023798563900000655970545090000033223700705060TONINI DISTRIBUIDORA LTDA     16032013000000000065597000000000000000000000000000000180320130000000000655970000000000000004961                900005246           09      00        
0330002300092Z70976E19625FF3937AB483D                                         PGTFORNB18032013900005246                                                                                                                               00        
0330002300093J00034193563900000107001091478222770513721555000VENANPECAS LTDA               16032013000000000010700000000000000000000000000000000180320130000000000107000000000000000004962                900005247           09      00        
0330002300094Z70976E1A56E5082C3CA07A3                                         PGTFORNB18032013900005247                                                                                                                               00        
0330002300095J00034199563900000214001091478223350513721555000VENANPECAS LTDA               16032013000000000021400000000000000000000000000000000180320130000000000214000000000000000004963                900005248           09      00        
0330002300096Z70976E12A19FAC683726CDE                                         PGTFORNB18032013900005248                                                                                                                               00        
0330002300097J00034191564000000360651128180340040237417159000ACCIOLY SA IMP E COM          17032013000000000036065000000000000000000000000000000180320130000000000360650000000000000004964                900005249           09      00        
0330002300098Z70976E17125BA61550C5EBD                                         PGTFORNB18032013900005249                                                                                                                               00        
0330002300099J00075697564000000663361319102003307302828150001AUTO POSTO REI DA CASTELO PORT17032013000000000066336000000000000000000000000000000180320130000000000663360000000000000004965                900005250           09      00        
0330002300100Z70976E1C94D825E7E476320                                         PGTFORNB18032013900005250                                                                                                                               00        
0330002300101J00034199564000000774001128458876060076000777000CENTER PECAS FABBRI LTDA      17032013000000000077400000000000000000000000000000000180320130000000000774000000000000000004966                900005251           09      00        
0330002300102Z70976E159A4A520483EB4A1                                         PGTFORNB18032013900005251                                                                                                                               00        
0330002300103J00034192564000000299001128458876140076000777000CENTER PECAS FABBRI LTDA      17032013000000000029900000000000000000000000000000000180320130000000000299000000000000000004967                900005252           09      00        
0330002300104Z70976E12D69F9DEAE95F14E                                         PGTFORNB18032013900005252                                                                                                                               00        
0330002300105J00034197564000000598001128596066450076000777000CENTER PECAS FABBRI LTDA      17032013000000000059800000000000000000000000000000000180320130000000000598000000000000000004968                900005253           09      00        
0330002300106Z70976E1968EDB98BFC1F312                                         PGTFORNB18032013900005253                                                                                                                               00        
0330002300107J00034192564000000188001128596066370076000777000CENTER PECAS FABBRI LTDA      17032013000000000018800000000000000000000000000000000180320130000000000188000000000000000004969                900005254           09      00        
0330002300108Z70976E169BCD963BD958395                                         PGTFORNB18032013900005254                                                                                                                               00        
0330002300109J00034197564000000171001128596066520076000777000CENTER PECAS FABBRI LTDA      17032013000000000017100000000000000000000000000000000180320130000000000171000000000000000004970                900005255           09      00        
0330002300110Z70976E113FCF90E0B0A4AF5                                         PGTFORNB18032013900005255                                                                                                                               00        
0330002300111J00034191564000000251311128269577582938000052000EATON LTDA                    17032013000000000025131000000000000000000000000000000180320130000000000251310000000000000004971                900005256           09      00        
0330002300112Z70976E1E7C24A4CC7776829                                         PGTFORNB18032013900005256                                                                                                                               00        
0330002300113J00034191564000000177991127863122832938000052000EATON LTDA                    17032013000000000017799000000000000000000000000000000180320130000000000177990000000000000004972                900005257           09      00        
0330002300114Z70976E1AA0830177C18EC4D                                         PGTFORNB18032013900005257                                                                                                                               00        
0330002300115J00034198564000002130751127863112852938000052000EATON LTDA                    17032013000000000213075000000000000000000000000000000180320130000000002130750000000000000004973                900005258           09      00        
0330002300116Z70976E12501BA188DA2F52B                                         PGTFORNB18032013900005258                                                                                                                               00        
0330002300117J00034194564000000085131127863115582938000052000EATON LTDA                    17032013000000000008513000000000000000000000000000000180320130000000000085130000000000000004974                900005259           09      00        
0330002300118Z70976E1958905688E0877D2                                         PGTFORNB18032013900005259                                                                                                                               00        
0330002300119J00034199564000000339501128465835922938107808000ELIVEL AUTOMOTORES LTDA       17032013000000000033950000000000000000000000000000000180320130000000000339500000000000000004975                900005260           09      00        
0330002300120Z70976E18596472E51871A64                                         PGTFORNB18032013900005260                                                                                                                               00        
03300025         000122000000000005953325000000000000000000310318                                                                                                                                                                               
03399999         000002000132000000                                                                                                                                                                                                             
