03300000         2054375370001370033006500490028050300065 0000480000414 AUTO GERAL DE ITU LTDA        SANTANDER                               22203201302271000028606000000                                                                     
03300011C2030030 2054375370001370033006500490028050300065 0000480000414 AUTO GERAL DE ITU LTDA                                                                              00000                                   00000000                    
0330001300001J00003394564500001296029513931700000104357270101DISTRIBUIDORA AUTOMOTIVA S.A. 22032013000000000129602000000000000000000000000000000220320130000000001296020000000000000005151                900005411           09      00        
0330001300002Z70976E1D52742CCFF1FF542                                         PGTFORNB22032013900005411                                                                                                                               00        
0330001300003J00035695564500002448360689070323420000003267268DISTRIBUIDORA AUTOMOTIVA S.A. 22032013000000000244836000000000000000000000000000000220320130000000002448360000000000000005152                900005438           09      00        
0330001300004Z70976E10293CFBB1603A200                                         PGTFORNB22032013900005438                                                                                                                               00        
0330001300005J00035693564500005736020689070323440000003267217DISTRIBUIDORA AUTOMOTIVA S.A. 22032013000000000573602000000000000000000000000000000220320130000000005736020000000000000005153                900005439           09      00        
0330001300006Z70976E16D04D643028C3D49                                         PGTFORNB22032013900005439                                                                                                                               00        
0330001300007J00035691564500005211680689070323460000003267272DISTRIBUIDORA AUTOMOTIVA S.A. 22032013000000000521168000000000000000000000000000000220320130000000005211680000000000000005154                900005440           09      00        
0330001300008Z70976E1E37C062C312B80A7                                         PGTFORNB22032013900005440                                                                                                                               00        
0330001300009J00035691564500000293500689070323460000003267280DISTRIBUIDORA AUTOMOTIVA S.A. 22032013000000000029350000000000000000000000000000000220320130000000000293500000000000000005155                900005441           09      00        
0330001300010Z70976E143A6CB4FEA5B38C7                                         PGTFORNB22032013900005441                                                                                                                               00        
0330001300011J00003394564500001336529499820000000000511280104KS PRODUTOS AUTOMOTIVOS LTDA  22032013000000000133652000000000000000000000000000000220320130000000001336520000000000000005163                900005412           09      00        
0330001300012Z70976E1F529497F36E49E7B                                         PGTFORNB22032013900005412                                                                                                                               00        
0330001300013J00003396564500016497809489019100000092413960104KSPG AUTOMOTIVE BRASIL LTDA   22032013000000001649780000000000000000000000000000000220320130000000016497800000000000000005164                900005413           09      00        
0330001300014Z70976E15B81E9E9CE262FBD                                         PGTFORNB22032013900005413                                                                                                                               00        
03300015         000016000000000003281990000000000000000000300322                                                                                                                                                                               
03300021C2031030 2054375370001370033006500490028050300065 0000480000414 AUTO GERAL DE ITU LTDA                                                                              00000                                   00000000                    
0330002300001J00034198564500003789501571779285547372112321000ART LASER GRAFICA E EDITORA LT22032013000000000378950000000000000000000000000000000220320130000000003789500000000000000005127                900005414           09      00        
0330002300002Z70976E18CF9A4736C205BC3                                         PGTFORNB22032013900005414                                                                                                                               00        
0330002300003J00000192564500000493880000002175416000003611217SK AUTOMOTIVE S/A DISTR AUTOPE22032013000000000049388000000000000000000000000000000220320130000000000493880000000000000005183                900005467           09      00        
0330002300004Z70976E114887310C401FEDC                                         PGTFORNB22032013900005467                                                                                                                               00        
0330002300005J00000198564500004960200000002175416000003611417SK AUTOMOTIVE S/A DISTR AUTOPE22032013000000000496020000000000000000000000000000000220320130000000004960200000000000000005184                900005468           09      00        
0330002300006Z70976E1DEBB16AAA9EDFDF4                                         PGTFORNB22032013900005468                                                                                                                               00        
0330002300007J00000194564500001161220000002175416000003610717SK AUTOMOTIVE S/A DISTR AUTOPE22032013000000000116122000000000000000000000000000000220320130000000001161220000000000000005185                900005469           09      00        
0330002300008Z70976E195AC67ED671A013B                                         PGTFORNB22032013900005469                                                                                                                               00        
0330002300009J00000192564500002577330000002175416000003611317SK AUTOMOTIVE S/A DISTR AUTOPE22032013000000000257733000000000000000000000000000000220320130000000002577330000000000000005186                900005470           09      00        
0330002300010Z70976E1859804759DB70372                                         PGTFORNB22032013900005470                                                                                                                               00        
0330002300011J00034197564500000355001090064071830757035373000CIPEC INDUSTRIAL DE AUTOPECAS 22032013000000000035500000000000000000000000000000000220320130000000000355000000000000000005142                900005429           09      00        
0330002300012Z70976E1C2E255369985884D                                         PGTFORNB22032013900005429                                                                                                                               00        
0330002300013J00034191564500002676361128948468000360545834000COBRA ROLAMENTOS E AUTO PECAS 22032013000000000267636000000000000000000000000000000220320130000000002676360000000000000005143                900005430           09      00        
0330002300014Z70976E107733AA63DD98714                                         PGTFORNB22032013900005430                                                                                                                               00        
0330002300015J00034194564500000172151128948471620360545834000COBRA ROLAMENTOS E AUTO PECAS 22032013000000000017215000000000000000000000000000000220320130000000000172150000000000000005144                900005431           09      00        
0330002300016Z70976E1C347DC1152530E7C                                         PGTFORNB22032013900005431                                                                                                                               00        
0330002300017J00034191564500000172151128948470060360545834000COBRA ROLAMENTOS E AUTO PECAS 22032013000000000017215000000000000000000000000000000220320130000000000172150000000000000005145                900005432           09      00        
0330002300018Z70976E132F49C33DF6E2390                                         PGTFORNB22032013900005432                                                                                                                               00        
0330002300019J00023798564500000308192002061301413330100829680COMERCIAL AUTOMOTIVA S.A.     22032013000000000030819000000000000000000000000000000220320130000000000308190000000000000005146                900005433           09      00        
0330002300020Z70976E1CFFC9272A8AC4897                                         PGTFORNB22032013900005433                                                                                                                               00        
0330002300021J00023795564500000947112002061301413298100829680COMERCIAL AUTOMOTIVA S.A.     22032013000000000094711000000000000000000000000000000220320130000000000947110000000000000005147                900005434           09      00        
0330002300022Z70976E1F67BB0629CDFB277                                         PGTFORNB22032013900005434                                                                                                                               00        
0330002300023J00023793564500001116792002061301413338100829680COMERCIAL AUTOMOTIVA S.A.     22032013000000000111679000000000000000000000000000000220320130000000001116790000000000000005148                900005435           09      00        
0330002300024Z70976E19E29E202B3BC6544                                         PGTFORNB22032013900005435                                                                                                                               00        
0330002300025J00023792564500000906842002061301413237100829680COMERCIAL AUTOMOTIVA S.A.     22032013000000000090684000000000000000000000000000000220320130000000000906840000000000000005149                900005436           09      00        
0330002300026Z70976E11C58A3F49D64D693                                         PGTFORNB22032013900005436                                                                                                                               00        
0330002300027J00023798564500000330332002061301415686100829680COMERCIAL AUTOMOTIVA S.A.     22032013000000000033033000000000000000000000000000000220320130000000000330330000000000000005150                900005437           09      00        
0330002300028Z70976E1F595443FF2290EEA                                         PGTFORNB22032013900005437                                                                                                                               00        
0330002300029J00034198564500001670001128641846617460278760000ASTRO TECNOLOGIA I C LTDA     22032013000000000167000000000000000000000000000000000220320130000000001670000000000000000005128                900005415           09      00        
0330002300030Z70976E1967751D7074BC104                                         PGTFORNB22032013900005415                                                                                                                               00        
0330002300031J00034192564500009846211129143463771446736314000UNDERCAR COMP AUTOMOTIVOS LTDA22032013000000000984621000000000000000000000000000000220320130000000009846210000000000000005187                900005471           09      00        
0330002300032Z70976E1DE23F377FCF7A6BD                                         PGTFORNB22032013900005471                                                                                                                               00        
0330002300033J00034196564500005012391129143463691446736314000UNDERCAR COMP AUTOMOTIVOS LTDA22032013000000000501239000000000000000000000000000000220320130000000005012390000000000000005188                900005472           09      00        
0330002300034Z70976E122FE76B562DDBD17                                         PGTFORNB22032013900005472                                                                                                                               00        
0330002300035J00034191567400027824001092228528202938014558000SODEXO PASS DO BRASIL SERV. CO20042013000000002782400000000000000000000000000000000220320130000000027824000000000000000005189                900005473           09      00        
0330002300036Z70976E1825A35AD50DB551B                                         PGTFORNB22032013900005473                                                                                                                               00        
0330002300037J00023791564500005397302373252053762712600996640AMERICANAS.COM - B2W CIA GLOBA22032013000000000539730000000000000000000000000000000220320130000000005397300000000000000005190                900005474           09      00        
0330002300038Z70976E17B32853C4E7FF7FC                                         PGTFORNB22032013900005474                                                                                                                               00        
0330002300039J00010491564500002420310568317020201842540010136PREFEITURA MUNICIPAL DE INDAIA22032013000000000242031000000000000000000000000000000220320130000000002420310000000000000005191                900005475           09      00        
0330002300040Z70976E1A87072E069D2C59D                                         PGTFORNB22032013900005475                                                                                                                               00        
0330002300041J00039991564500000211171770541092511960078237001BAP AUTOMOTIVA LTDA           22032013000000000021117000000000000000000000000000000220320130000000000211170000000000000005129                900005416           09      00        
0330002300042Z70976E110E190D7F2887169                                         PGTFORNB22032013900005416                                                                                                                               00        
0330002300043J00039999564500000359381770541091711960078237001BAP AUTOMOTIVA LTDA           22032013000000000035938000000000000000000000000000000220320130000000000359380000000000000005130                900005417           09      00        
0330002300044Z70976E1A49EF240F2F00C4F                                         PGTFORNB22032013900005417                                                                                                                               00        
0330002300045J00039991564500001226051770541093311960078237001BAP AUTOMOTIVA LTDA           22032013000000000122605000000000000000000000000000000220320130000000001226050000000000000005131                900005418           09      00        
0330002300046Z70976E1AC47F6A5AD6E30C2                                         PGTFORNB22032013900005418                                                                                                                               00        
0330002300047J00039994564500000983941770541090911960078237001BAP AUTOMOTIVA LTDA           22032013000000000098394000000000000000000000000000000220320130000000000983940000000000000005132                900005419           09      00        
0330002300048Z70976E176DAA4F2D724CB31                                         PGTFORNB22032013900005419                                                                                                                               00        
0330002300049J00034191564500000846001128366733951248021303000BANCO FIBRA SA                22032013000000000084600000000000000000000000000000000220320130000000000846000000000000000005133                900005420           09      00        
0330002300050Z70976E1F96C227EBE6B6DA1                                         PGTFORNB22032013900005420                                                                                                                               00        
0330002300051J00023791564500000307433392023058000032101078260CAMBUCI ACESSORIOS LTDA       22032013000000000030743000000000000000000000000000000220320130000000000307430000000000000005134                900005421           09      00        
0330002300052Z70976E190E883151E3DC266                                         PGTFORNB22032013900005421                                                                                                                               00        
0330002300053J00039994564500000489031770574465304061860231001CAR CENTRAL DE AUTOPECAS E ROL22032013000000000048903000000000000000000000000000000220320130000000000489030000000000000005135                900005422           09      00        
0330002300054Z70976E157BB13EB6414C97B                                         PGTFORNB22032013900005422                                                                                                                               00        
0330002300055J00039994564500000193931770574509904061860231001CAR CENTRAL DE AUTOPECAS E ROL22032013000000000019393000000000000000000000000000000220320130000000000193930000000000000005136                900005423           09      00        
0330002300056Z70976E137DB8A397687D149                                         PGTFORNB22032013900005423                                                                                                                               00        
0330002300057J00034195564500000999001128732615420076000777000CENTER PECAS FABBRI LTDA      22032013000000000099900000000000000000000000000000000220320130000000000999000000000000000005137                900005424           09      00        
0330002300058Z70976E13A5F3E42AEDB189E                                         PGTFORNB22032013900005424                                                                                                                               00        
0330002300059J00023794564500002038583397093074000008700008840CINDUMEL CIA IND DE METAIS E L22032013000000000203858000000000000000000000000000000220320130000000002038580000000000000005138                900005425           09      00        
0330002300060Z70976E1F60094F7CB462B5C                                         PGTFORNB22032013900005425                                                                                                                               00        
0330002300061J00023791564500000098643397093074000008800008840CINDUMEL CIA IND DE METAIS E L22032013000000000009864000000000000000000000000000000220320130000000000098640000000000000005139                900005426           09      00        
0330002300062Z70976E16C640B8C87013EFA                                         PGTFORNB22032013900005426                                                                                                                               00        
0330002300063J00023791564500000481903397093074000008900008840CINDUMEL CIA IND DE METAIS E L22032013000000000048190000000000000000000000000000000220320130000000000481900000000000000005140                900005427           09      00        
0330002300064Z70976E1A7269D15CA44EBF2                                         PGTFORNB22032013900005427                                                                                                                               00        
0330002300065J00034192564500000041971090064071750757035373000CIPEC INDUSTRIAL DE AUTOPECAS 22032013000000000004197000000000000000000000000000000220320130000000000041970000000000000005141                900005428           09      00        
0330002300066Z70976E1B54340105B0C96AD                                         PGTFORNB22032013900005428                                                                                                                               00        
0330002300067J00034191564500000932231127942394602938000052000EATON LTDA                    22032013000000000093223000000000000000000000000000000220320130000000000932230000000000000005156                900005442           09      00        
0330002300068Z70976E1F6BC68F9D8086731                                         PGTFORNB22032013900005442                                                                                                                               00        
0330002300069J00023794564500000112143372190000001354105069000FELIVEL DISTR CAMINHOES LTDA  22032013000000000011214000000000000000000000000000000220320130000000000112140000000000000005157                900005443           09      00        
0330002300070Z70976E1D94479BC067DE2E4                                         PGTFORNB22032013900005443                                                                                                                               00        
0330002300071J00034198564500000326351090304662550109276204000GIRANDO COMERCIO DE PECAS LTDA22032013000000000032635000000000000000000000000000000220320130000000000326350000000000000005158                900005444           09      00        
0330002300072Z70976E187EE47CC7C113DE9                                         PGTFORNB22032013900005444                                                                                                                               00        
0330002300073J00023793564500004133580284281321210559100742060INDUSTRIAS DEL RECAMBIO DO BRA22032013000000000413358000000000000000000000000000000220320130000000004133580000000000000005159                900005445           09      00        
0330002300074Z70976E16A1046AEECA54106                                         PGTFORNB22032013900005445                                                                                                                               00        
0330002300075J00034197564500000316641090010673772938050420000ITA PECAS PARA VEIC COM E SERV22032013000000000031664000000000000000000000000000000220320130000000000316640000000000000005160                900005446           09      00        
0330002300076Z70976E1234B9FAED513E52A                                         PGTFORNB22032013900005446                                                                                                                               00        
0330002300077J00034191564500000411811129145584271248027078000BANCO VOTORANTIM SA           22032013000000000041181000000000000000000000000000000220320130000000000411810000000000000005161                900005447           09      00        
0330002300078Z70976E18851DF8975DF2255                                         PGTFORNB22032013900005447                                                                                                                               00        
0330002300079J00034197564500000405201129145584191248027078000BANCO VOTORANTIM SA           22032013000000000040520000000000000000000000000000000220320130000000000405200000000000000005162                900005448           09      00        
0330002300080Z70976E1DC158C1F669C78C8                                         PGTFORNB22032013900005448                                                                                                                               00        
0330002300081J00023795564500000059003372097310006608500731000MAGGI AUTOMOVEIS LTDA         22032013000000000005900000000000000000000000000000000220320130000000000059000000000000000005165                900005449           09      00        
0330002300082Z70976E11F3432112E9D2D1E                                         PGTFORNB22032013900005449                                                                                                                               00        
0330002300083J00023799564500000743003372097672311671100767230MAGGI VEICULOS LTDA           22032013000000000074300000000000000000000000000000000220320130000000000743000000000000000005166                900005450           09      00        
0330002300084Z70976E1EE00242C91C24809                                         PGTFORNB22032013900005450                                                                                                                               00        
0330002300085J00034199564500000127671572013767722904178288000PECA MAIS COMERCIO DE AUTO PEC22032013000000000012767000000000000000000000000000000220320130000000000127670000000000000005167                900005451           09      00        
0330002300086Z70976E1999D8CE25887951B                                         PGTFORNB22032013900005451                                                                                                                               00        
0330002300087J00039994564500003855428144671205504540096965001PELLEGRINO DISTRIBUIDORA DE AU22032013000000000385542000000000000000000000000000000220320130000000003855420000000000000005168                900005452           09      00        
0330002300088Z70976E12C64D74421E97C75                                         PGTFORNB22032013900005452                                                                                                                               00        
0330002300089J00039991564500000236338144671210104540096965001PELLEGRINO DISTRIBUIDORA DE AU22032013000000000023633000000000000000000000000000000220320130000000000236330000000000000005169                900005453           09      00        
0330002300090Z70976E184740673FF9EC3BD                                         PGTFORNB22032013900005453                                                                                                                               00        
0330002300091J00039991564500000243372696557096804540096965001PELLEGRINO DISTRIBUIDORA DE AU22032013000000000024337000000000000000000000000000000220320130000000000243370000000000000005170                900005454           09      00        
0330002300092Z70976E1D4CBEAC272B95227                                         PGTFORNB22032013900005454                                                                                                                               00        
0330002300093J00039993564500001151252696557135204540096965001PELLEGRINO DISTRIBUIDORA DE AU22032013000000000115125000000000000000000000000000000220320130000000001151250000000000000005171                900005455           09      00        
0330002300094Z70976E12B5E1B40DB3E3568                                         PGTFORNB22032013900005455                                                                                                                               00        
0330002300095J00039996564500001927522696557163804540096965001PELLEGRINO DISTRIBUIDORA DE AU22032013000000000192752000000000000000000000000000000220320130000000001927520000000000000005172                900005456           09      00        
0330002300096Z70976E199BEAA0804339F7D                                         PGTFORNB22032013900005456                                                                                                                               00        
0330002300097J00023791564500000679063684190000020426300673000POLIPECAS DISTRIBUIDORA AUTOMO22032013000000000067906000000000000000000000000000000220320130000000000679060000000000000005173                900005457           09      00        
0330002300098Z70976E1A02C0573DCD41B51                                         PGTFORNB22032013900005457                                                                                                                               00        
0330002300099J00023791564500000605623684190000020426100673000POLIPECAS DISTRIBUIDORA AUTOMO22032013000000000060562000000000000000000000000000000220320130000000000605620000000000000005174                900005458           09      00        
0330002300100Z70976E177B4EC36C73CC235                                         PGTFORNB22032013900005458                                                                                                                               00        
0330002300101J00039996564500001182283133588828905313093513001REAL MOTO PECAS LTDA          22032013000000000118228000000000000000000000000000000220320130000000001182280000000000000005175                900005459           09      00        
0330002300102Z70976E1AC887010399C0429                                         PGTFORNB22032013900005459                                                                                                                               00        
0330002300103J00039992564500001077663133588044005313093513001REAL MOTO PECAS LTDA          22032013000000000107766000000000000000000000000000000220320130000000001077660000000000000005176                900005460           09      00        
0330002300104Z70976E155CE6D5183EF75E2                                         PGTFORNB22032013900005460                                                                                                                               00        
0330002300105J00039996564500000308773133585750205313093513001REAL MOTO PECAS LTDA          22032013000000000030877000000000000000000000000000000220320130000000000308770000000000000005177                900005461           09      00        
0330002300106Z70976E1B75A3B07AE2D9A11                                         PGTFORNB22032013900005461                                                                                                                               00        
0330002300107J00039999564500000951023133586599805313093513001REAL MOTO PECAS LTDA          22032013000000000095102000000000000000000000000000000220320130000000000951020000000000000005178                900005462           09      00        
0330002300108Z70976E11F940157EA738248                                         PGTFORNB22032013900005462                                                                                                                               00        
0330002300109J00039991564500001951393133586879205313093513001REAL MOTO PECAS LTDA          22032013000000000195139000000000000000000000000000000220320130000000001951390000000000000005179                900005463           09      00        
0330002300110Z70976E12AAE9272A7640630                                         PGTFORNB22032013900005463                                                                                                                               00        
0330002300111J00034192564500001768091129107670890125810226000REI AUTO PARTS IND COM S/A    22032013000000000176809000000000000000000000000000000220320130000000001768090000000000000005180                900005464           09      00        
0330002300112Z70976E17007013E7519EAC0                                         PGTFORNB22032013900005464                                                                                                                               00        
0330002300113J00023795564500000385633395061180232936500028140ROCHESTER DISTRIBUIDORA DE AUT22032013000000000038563000000000000000000000000000000220320130000000000385630000000000000005181                900005465           09      00        
0330002300114Z70976E1EA05EA45A4D30A2B                                         PGTFORNB22032013900005465                                                                                                                               00        
0330002300115J00000199564500000545180000001701219444729443311SAFISA INDUSTRIAL LTDA        22032013000000000054518000000000000000000000000000000220320130000000000545180000000000000005182                900005466           09      00        
0330002300116Z70976E12781087215AD1BE4                                         PGTFORNB22032013900005466                                                                                                                               00        
03300025         000118000000000010485049000000000000000000310322                                                                                                                                                                               
03300031C2003031 2054375370001370033006500490028050300065 0000480000414 AUTO GERAL DE ITU LTDA                                                                              00000                                   00000000                    
0330003300001A0007003410372800000000202502 RODOMATSAN TRANSPORTE RODOV LT5192                22032013BRL000000000000000000000000047800900005409           22032013000000000047800                                        07          000        
0330003300002B   210674840000193                              00000                                                  00000000  220320130000000000478000000000000000000000000000000000000000000000000000000000000000000                00        
0330003300003Z70976E1D78ADAEFCF7A5361                                         PGTFORNB22032013900005409                                                                                                                               00        
0330003300004A0007000010154660000002050374 GERAL PARTS COM PECAS E ABRASI5193                22032013BRL000000000000000000000000012993900005410           22032013000000000012993                                        07          000        
0330003300005B   252472438000176                              00000                                                  00000000  220320130000000000129930000000000000000000000000000000000000000000000000000000000000000                00        
0330003300006Z70976E1965A0764C715BB74                                         PGTFORNB22032013900005410                                                                                                                               00        
03300035         000008000000000000060793000000000000000000030322                                                                                                                                                                               
03399999         000003000144000000                                                                                                                                                                                                             
