03300000         2054375370001370033006500490028050300065 0000480000414 AUTO GERAL DE ITU LTDA        SANTANDER                               22310201202145100000506000000                                                                     
03300011C2030030 2054375370001370033006500490028050300065 0000480000414 AUTO GERAL DE ITU LTDA                                                                              00000                                   00000000                    
0330001300001J00035691549500000215160689070323470000004885865DISTRIBUIDORA AUTOMOTIVA      231020120000000000215160000000000000000000000000000002310201200000000002151600000000000000018                  900000313           09      00        
0330001300002Z70976E1013237E241ACC38E                                         PGTFORNB23102012900000313                                                                                                                               00        
03300015         000004000000000000021516000000000000000000301023                                                                                                                                                                               
03300021C2031030 2054375370001370033006500490028050300065 0000480000414 AUTO GERAL DE ITU LTDA                                                                              00000                                   00000000                    
0330002300001J00023792549500000721400151091122830289501251750PECA MAIS COMER DE AUTO PCS LT231020120000000000721400000000000000000000000000000002310201200000000007214000000000000000019                  900000314           09      00        
0330002300002Z70976E1C3E010094EB77262                                         PGTFORNB23102012900000314                                                                                                                               00        
0330002300003J00034191549500000447481122447644632938000052000EATON  LTDA                   231020120000000000447480000000000000000000000000000002310201200000000004474800000000000000017                  900000312           09      00        
0330002300004Z70976E18E495930338C0863                                         PGTFORNB23102012900000312                                                                                                                               00        
0330002300005J00034193549500000929391123618675452938000052000EATON LTDA                    23102012000000000092939000000000000000000000000000000231020120000000000929390000000000000005                   900000300           09      00        
0330002300006Z70976E164167ED62D8BE974                                         PGTFORNB23102012900000300                                                                                                                               00        
0330002300007J00023794549500000297322002061201361011100829680COMERCIAL AUTOMOTIVA S/A      23102012000000000029732000000000000000000000000000000231020120000000000297320000000000000006                   900000301           09      00        
0330002300008Z70976E1E53BAC837DE6352C                                         PGTFORNB23102012900000301                                                                                                                               00        
0330002300009J00000191549500000241200000001748318000003510117DIP DISTRIBUIDORA DE PECAS LTD23102012000000000024120000000000000000000000000000000231020120000000000241200000000000000007                   900000302           09      00        
0330002300010Z70976E19F05BF8556F3AF57                                         PGTFORNB23102012900000302                                                                                                                               00        
0330002300011J00034191549500000945031124731640960078267192000DISTRIBUIDORA DE PECAS PARA AU23102012000000000094503000000000000000000000000000000231020120000000000945030000000000000008                   900000303           09      00        
0330002300012Z70976E1B6547E10E4AFF9E1                                         PGTFORNB23102012900000303                                                                                                                               00        
0330002300013J00034196549500000195001561519593894518080884000CAMPUS SALLES C LTDA EPP      23102012000000000019500000000000000000000000000000000231020120000000000195000000000000000009                   900000304           09      00        
0330002300014Z70976E15C79192B77D3D285                                         PGTFORNB23102012900000304                                                                                                                               00        
0330002300015J00023791549500000535573394090000007174300324600MORELAT DISTRIBUIDORA DE AUTO 231020120000000000535570000000000000000000000000000002310201200000000005355700000000000000010                  900000305           09      00        
0330002300016Z70976E1C59CE97E7BC537D8                                         PGTFORNB23102012900000305                                                                                                                               00        
0330002300017J00039991549500000251251760451017104570524809001F CONFUORT IND COMER PCS E ACE231020120000000000251250000000000000000000000000000002310201200000000002512500000000000000011                  900000306           09      00        
0330002300018Z70976E14471ED360C749191                                         PGTFORNB23102012900000306                                                                                                                               00        
0330002300019J00034192549500000083751123395408442938000052000EATON LTDA                    231020120000000000083750000000000000000000000000000002310201200000000000837500000000000000012                  900000307           09      00        
0330002300020Z70976E1B26F58995F330541                                         PGTFORNB23102012900000307                                                                                                                               00        
0330002300021J00039994549500000176661758868167003280030090001ITAVEMA ITALIA VEICULOS E MAQU231020120000000000176660000000000000000000000000000002310201200000000001766600000000000000013                  900000308           09      00        
0330002300022Z70976E143B739DA7A195C9F                                         PGTFORNB23102012900000308                                                                                                                               00        
0330002300023J00023797549500000324844130074130005443100050880SOUZA RAMOS                   231020120000000000324840000000000000000000000000000002310201200000000003248400000000000000014                  900000309           09      00        
0330002300024Z70976E1D2C9AE8CE7A2A466                                         PGTFORNB23102012900000309                                                                                                                               00        
0330002300025J00034196549500004175031122447645702938000052000EATON LTDA                    231020120000000004175030000000000000000000000000000002310201200000000041750300000000000000015                  900000310           09      00        
0330002300026Z70976E18B61FA015137781E                                         PGTFORNB23102012900000310                                                                                                                               00        
0330002300027J00023797549500004122990128092283000000800005600AUTIMPEX COMERCIAL LTDA EPP   231020120000000004122990000000000000000000000000000002310201200000000041229900000000000000020                  900000315           09      00        
0330002300028Z70976E17E4B907C475AEE3C                                         PGTFORNB23102012900000315                                                                                                                               00        
0330002300029J00023795549500015500793392090050003697300001210AUTIMPEX COMERCIAL LTDA EPP   231020120000000015500790000000000000000000000000000002310201200000000155007900000000000000021                  900000316           09      00        
0330002300030Z70976E1F989D64CFDB81181                                         PGTFORNB23102012900000316                                                                                                                               00        
0330002300031J00000196549500002634201675224929304700000290517METALURGICA ADAMANTINA LTDA   231020120000000002634200000000000000000000000000000002310201200000000026342000000000000000022                  900000317           09      00        
0330002300032Z70976E12D9CD7E13FBDEFD8                                         PGTFORNB23102012900000317                                                                                                                               00        
0330002300033J00034196549500000387191090303888970109276204000GIRANDO COMERCIO DE PECAS LTDA231020120000000000387190000000000000000000000000000002310201200000000003871900000000000000023                  900000318           09      00        
0330002300034Z70976E18F5AFC4824F22EE3                                         PGTFORNB23102012900000318                                                                                                                               00        
0330002300035J00039994549500000303382053123672705313093513001REAL MOTO PECAS LTDA          231020120000000000303380000000000000000000000000000002310201200000000003033800000000000000024                  900000319           09      00        
0330002300036Z70976E13354E45641E09929                                         PGTFORNB23102012900000319                                                                                                                               00        
0330002300037J00000195549500000776580000001244482993003910417RPT DISTRIBUIDORA DE AUTO PCS 231020120000000000776580000000000000000000000000000002310201200000000007765800000000000000025                  900000320           09      00        
0330002300038Z70976E164020D951538971A                                         PGTFORNB23102012900000320                                                                                                                               00        
0330002300039J00023791549500000278100545090000028855700705060TONINI DISTRIBUIDORA LTDA     231020120000000000278100000000000000000000000000000002310201200000000002781000000000000000026                  900000321           09      00        
0330002300040Z70976E1026529F6F1878C69                                         PGTFORNB23102012900000321                                                                                                                               00        
0330002300041J00034194549500000445141123440205431012561005000LUBRACO COM E DISTR LTDA      231020120000000000445140000000000000000000000000000002310201200000000004451400000000000000027                  900000322           09      00        
0330002300042Z70976E1FDE7D7E22FABB7E8                                         PGTFORNB23102012900000322                                                                                                                               00        
0330002300043J00000191549500000840220000002226112440964649911POWER STOP INDUSTRIA E COMERCI231020120000000000840220000000000000000000000000000002310201200000000008402200000000000000028                  900000323           09      00        
0330002300044Z70976E1FF7B800399C0FCE3                                         PGTFORNB23102012900000323                                                                                                                               00        
0330002300045J00034191549500000401901124489430790548006287000ELETROPAR AUTOPECAS LTDA      231020120000000000401900000000000000000000000000000002310201200000000004019000000000000000029                  900000324           09      00        
0330002300046Z70976E1FAB19948954A7312                                         PGTFORNB23102012900000324                                                                                                                               00        
0330002300047J00000191549500001045200000001236468440768789311POLO COMERCIO INTERNACIONAL LT231020120000000001045200000000000000000000000000000002310201200000000010452000000000000000030                  900000325           09      00        
0330002300048Z70976E1406F8D9A412A4A80                                         PGTFORNB23102012900000325                                                                                                                               00        
0330002300049J00039991549500002126122053118476005313093513001REAL MOTO PECAS LTDA          231020120000000002126120000000000000000000000000000002310201200000000021261200000000000000031                  900000326           09      00        
0330002300050Z70976E12D82D4C377B8DDF4                                         PGTFORNB23102012900000326                                                                                                                               00        
0330002300051J00034191549500003855241124741930110295745780000FREIOS CONTROIL LTDA          231020120000000003855240000000000000000000000000000002310201200000000038552400000000000000032                  900000327           09      00        
0330002300052Z70976E1954C6FDDE031F750                                         PGTFORNB23102012900000327                                                                                                                               00        
0330002300053J00000193549500000144660000001011760000003679418COMPEL DISTR DE AUTO PECAS LTD231020120000000000144660000000000000000000000000000002310201200000000001446600000000000000033                  900000328           09      00        
0330002300054Z70976E1A368083C76488A7B                                         PGTFORNB23102012900000328                                                                                                                               00        
0330002300055J00000192549500000311000000002391652000003502717DIP DISTRIBUIDORA DE PECAS LTD231020120000000000311000000000000000000000000000000002310201200000000003110000000000000000034                  900000329           09      00        
0330002300056Z70976E1734E8272CD5EEF5E                                         PGTFORNB23102012900000329                                                                                                                               00        
0330002300057J00023798000000000000002025062025034047600001600BARROS E FILHOS LTDA          231020120000000001323140000000000000000000000000000002310201200000000013231400000000000000035                  900000330           09      00        
0330002300058Z70976E131C4BFF251A19AB9                                         PGTFORNB23102012900000330                                                                                                                               00        
0330002300059J00034191552400013109001092187643932938014558000SODEXO PASS DO BRASIL SERV. CO211120120000000013109000000000000000000000000000000002310201200000000131090000000000000000036                  900000331           09      00        
0330002300060Z70976E16A28DB48760D5098                                         PGTFORNB23102012900000331                                                                                                                               00        
0330002300061J00034191549500000327191090000178920242411544000GLOBAL FLEX                   231020120000000000327190000000000000000000000000000002310201200000000003271900000000000000016                  900000311           09      00        
0330002300062Z70976E127567C3A8BEC2A12                                         PGTFORNB23102012900000311                                                                                                                               00        
03300025         000064000000000005725596000000000000000000311023                                                                                                                                                                               
03399999         000002000070000000                                                                                                                                                                                                             
