03300000         2054375370001370033006500490028050300065 0000480000414 AUTO GERAL DE ITU LTDA        BANCO SANTANDER                         20111201216312400002106000000                                        G4016PF00528                 
03300011C2030030 205437537000137003300650049002805030006550000480000414 AUTO GERAL DE ITU LTDA                                                AV DR OCTAVIANO PEREIRA MENDES01333               ITU                 13301000SP                  
0330001300001J00003396550500000621279482966200000020747530104CAR CENTRAL DE AUTOPECAS E ROL0211201200000000006212700000000000000000000000000000005112012000000000062127000000000000000336                 900000626           00      BD        
0330001300002J00003392550500002721559482966200000020746130104CAR CENTRAL DE AUTOPECAS E ROL0211201200000000027215500000000000000000000000000000005112012000000000272155000000000000000378                 900000627           00      BD        
0330001300003J00003394550500001459159482966200000020747290104CAR CENTRAL DE AUTOPECAS E ROL0211201200000000014591500000000000000000000000000000005112012000000000145915000000000000000382                 900000628           00      BD        
03300015         000005000000000000480197000000000000000000                                                                                                                                                                                     
03300021C2031030 205437537000137003300650049002805030006550000480000414 AUTO GERAL DE ITU LTDA                                                AV DR OCTAVIANO PEREIRA MENDES01333               ITU                 13301000SP                  
0330002300001J00023793550500001096183262090000027547500935470COMDIP COMERCIAL DISTRIBUIDORA0211201200000000010961800000000000000000000000000000005112012000000000109618000000000000000337                 900000629           00      BD        
0330002300002J00023791550500003336641286092209000003300121220LANCE CAPITAL FACTORING E FOME0211201200000000033366400000000000000000000000000000005112012000000000333664000000000000000338                 900000630           00      BD        
0330002300003J00000195550500000420260000002096856000001931917PRV COMERCIO DE PECAS LTDA    0211201200000000004202600000000000000000000000000000005112012000000000042026000000000000000339                 900000631           00      BD        
0330002300004J00000195550500000266440000001244482993004613217RPT DSITRIBUIDORA DE AUTO PCS 0211201200000000002664400000000000000000000000000000005112012000000000026644000000000000000340                 900000632           00      BD        
0330002300005J00034191550500000090521123816590962938000052000EATON LTDA                    0211201200000000000905200000000000000000000000000000005112012000000000009052000000000000000341                 900000633           00      BD        
0330002300006J00034192550500000082751123816598312938000052000EATON LTDA                    0211201200000000000827500000000000000000000000000000005112012000000000008275000000000000000342                 900000634           00      BD        
0330002300007J00034191550500000585971124264538282938030539000DELPHI AUTOM SYSTEMS BR LTDA  0211201200000000005859700000000000000000000000000000005112012000000000058597000000000000000343                 900000635           00      BD        
0330002300008J00034191550500002909351124264538852938030539000DELPHI AUTOM SYSTEMS BR LTDA  0211201200000000029093500000000000000000000000000000005112012000000000290935000000000000000344                 900000636           00      BD        
0330002300009J00023797550500000436563394090000010690500324600MORELATE DSITRIBUIDORA DE AUTO0211201200000000004365600000000000000000000000000000005112012000000000043656000000000000000345                 900000637           00      BD        
0330002300010J00034191550500000658921124332358122938000052000EATON LTDA                    0211201200000000006589200000000000000000000000000000005112012000000000065892000000000000000346                 900000638           00      BD        
0330002300011J00034197550500000473551124332357472938000052000EATON LTDA                    0211201200000000004735500000000000000000000000000000005112012000000000047355000000000000000347                 900000639           00      BD        
0330002300012J00023791550500000759403262090000029333400935470COMDIP COMERCIAL DISTRIBUIDORA0211201200000000007594000000000000000000000000000000005112012000000000075940000000000000000348                 900000640           00      BD        
0330002300013J00034191550500000076121124714888102938000052000EATON LTDA                    0211201200000000000761200000000000000000000000000000005112012000000000007612000000000000000349                 900000641           00      BD        
0330002300014J00034197550500000223861124714897272938000052000EATON LTDA                    0211201200000000002238600000000000000000000000000000005112012000000000022386000000000000000350                 900000642           00      BD        
0330002300015J00034193550500000086231124714900972938000052000EATON LTDA                    0211201200000000000862300000000000000000000000000000005112012000000000008623000000000000000351                 900000643           00      BD        
0330002300016J00023792550500000892273684190000015980100673000POLIPECAS DISTR AUTOMOTIVA LTD0211201200000000008922700000000000000000000000000000005112012000000000089227000000000000000352                 900000644           00      BD        
0330002300017J00023793550500000545413372092293000000605187730RCD COMERCIO E INDUSTRIA LTDA 0211201200000000005454100000000000000000000000000000005112012000000000054541000000000000000353                 900000645           00      BD        
0330002300018J00034199550500001236691570113147344522114471000COML NV MILLENNIUM A P LTD EPP0211201200000000012366900000000000618300000000000000005112012000000000117486000000000000000354                 900000646           00      BD        
0330002300019J00039993550500000195928144664447504540096965001PELLEGRINO DISTR DE AUTOPECAS 0211201200000000001959200000000000000000000000000000005112012000000000019592000000000000000355                 900000647           00      BD        
0330002300020J00023793550500001033223395061180232792700028140ROCHESTER DISTRIBUIDORA DE AUT0211201200000000010332200000000000000000000000000000005112012000000000103322000000000000000356                 900000648           00      BD        
0330002300021J00000192550500000125700000001011760000003708118COMPEL DISTR. E COM DE AUTO PE0211201200000000001257000000000000000000000000000000005112012000000000012570000000000000000357                 900000649           00      BD        
0330002300022J00023797550500000770622002061201362898100829680COMERCIAL AUTOMOTIVA LTDA     0211201200000000007706200000000000000000000000000000005112012000000000077062000000000000000358                 900000650           00      BD        
0330002300023J00039998550500005268308144664445904540096965001PELLEGRINO DISTR. DE AUTOPECAS0211201200000000052683000000000000000000000000000000005112012000000000526830000000000000000359                 900000651           00      BD        
0330002300024J00023792550500001007372500090256565750200000340ODAPEL DISTRIBUIDORA DE AUTO P0211201200000000010073700000000000000000000000000000005112012000000000100737000000000000000360                 900000652           00      BD        
0330002300025J00023791550500000462913684190000015980400673000POLIPECAS DISTRIBUIDORA AUTOMO0211201200000000004629100000000000000000000000000000005112012000000000046291000000000000000361                 900000653           00      BD        
0330002300026J00023792550500000413852002061201362897100829680COMERCIAL AUTOMOTIVA S.A.     0211201200000000004138500000000000000000000000000000005112012000000000041385000000000000000362                 900000654           00      BD        
0330002300027J00034191550500000216041124714893472938000052000EATON LTDA                    0211201200000000002160400000000000000000000000000000005112012000000000021604000000000000000363                 900000655           00      BD        
0330002300028J00023795550500001087853684190000015977200673000POLIPECAS DISTRIBUIDORA AUTOMO0211201200000000010878500000000000000000000000000000005112012000000000108785000000000000000364                 900000656           00      BD        
0330002300029J00023795550500001640343684190000015979800673000POLIPECAS DISTRIBUIDORA AUTOMO0211201200000000016403400000000000000000000000000000005112012000000000164034000000000000000365                 900000657           00      BD        
0330002300030J00023797550500000384882002061201362885100829680COMERCIAL AUTOMOTIVA S.A.     0211201200000000003848800000000000000000000000000000005112012000000000038488000000000000000366                 900000658           00      BD        
0330002300031J00023793550500000269690138092265000002901453000OBB CONSULTORIA E PARTICIPACOE0211201200000000002696900000000000000000000000000000005112012000000000026969000000000000000367                 900000659           00      BD        
0330002300032J00034197550500000082751123816598232938000052000EATON LTDA                    0211201200000000000827500000000000000000000000000000005112012000000000008275000000000000000368                 900000660           00      BD        
0330002300033J00023799550500004543501495090000013604600119200VALCLEI IND E COM LTDA        0211201200000000045435000000000000000000000000000000005112012000000000454350000000000000000369                 900000661           00      BD        
0330002300034J00034191550500000214571124234410243184597502000UNIVERSAL AUTOMOTIVE SYSTEMS S0211201200000000002145700000000000000000000000000000005112012000000000021457000000000000000370                 900000662           00      BD        
0330002300035J00000192550500000637030000001216979441306179531NOVA DISTRIBUIDORA DE VEICULOS0211201200000000006370300000000000000000000000000000005112012000000000063703000000000000000371                 900000663           00      BD        
0330002300036J00039995550500000857892053141969405313093513001REAL MOTO PECAS LTDA          0211201200000000008578900000000000000000000000000000005112012000000000085789000000000000000372                 900000664           00      BD        
0330002300037J00034192550500000282521125032760680360545834000COBRA ROLAMENTOS AUTOPECAS LTD0211201200000000002825200000000000000000000000000000005112012000000000028252000000000000000373                 900000665           00      BD        
0330002300038J00034191550500005257671125032758540360545834000COBRA ROLAMENTOS AUTOPECAS LTD0211201200000000052576700000000000000000000000000000005112012000000000525767000000000000000374                 900000666           00      BD        
0330002300039J00039993550500002205212053140372005313093513001REAL MOTO PECAS LTDA          0211201200000000022052100000000000000000000000000000005112012000000000220521000000000000000375                 900000667           00      BD        
0330002300040J00039992550500003417832053141289405313093513001REAL MOTO PECAS LTDA          0211201200000000034178300000000000000000000000000000005112012000000000341783000000000000000376                 900000668           00      BD        
0330002300041J00000195550500000286270000002101041441376980911DECAL LINE COM PREST SERV SILK0211201200000000002862700000000000000000000000000000005112012000000000028627000000000000000377                 900000669           00      BD        
0330002300042J00034195550500002805531125081219622938017569000FRAS-LE S/A                   0211201200000000028055300000000000000000000000000000005112012000000000280553000000000000000379                 900000670           00      BD        
0330002300043J00034198550500002461261125081148433184122228000UNIVERSAL AUTOMOTIVE SYSTEMS S0211201200000000024612600000000000000000000000000000005112012000000000246126000000000000000380                 900000671           00      BD        
0330002300044J00039991550500000502132053139950205313093513001REAL MOTO PECAS LTDA          0211201200000000005021300000000000000000000000000000005112012000000000050213000000000000000381                 900000672           00      BD        
0330002300045J00034193550500001474101125309744460191074004000POLIPECAS COML E IMP LTDA     0211201200000000014741000000000001031900000000000000005112012000000000137091000000000000000383                 900000673           00      BD        
03300025         000047000000000005191705000000000000000000                                                                                                                                                                                     
03399999         000002000054000000                                                                                                                                                                                                             
