03300000         2054375370001370033006500490028050300065 0000480000414 AUTO GERAL DE ITU LTDA        SANTANDER                               20702201302222500020806000000                                                                     
03300011C2030030 2054375370001370033006500490028050300065 0000480000414 AUTO GERAL DE ITU LTDA                                                                              00000                                   00000000                    
0330001300001J00003391560300001244819482966200000024926790104CAR CENTRAL DE AUTOPECAS E ROL08022013000000000124481000000000000000000000000000000070220130000000001244810000000000000003653                900003931           09      00        
0330001300002Z70976E114B21E947BB30D3A                                         PGTFORNB07022013900003931                                                                                                                               00        
0330001300003J00035698560300000154540689070323450000003261151DISTRIBUIDORA AUTOMOTIVA S/A  08022013000000000015454000000000000000000000000000000070220130000000000154540000000000000003671                900003954           09      00        
0330001300004Z70976E1D438AFEB5A9BD9A0                                         PGTFORNB07022013900003954                                                                                                                               00        
0330001300005J00035691560300000486620689070323490000003261280DISTRIBUIDORA AUTOMOTIVA S/A  08022013000000000048662000000000000000000000000000000070220130000000000486620000000000000003673                900003955           09      00        
0330001300006Z70976E1FB73E6E51977D471                                         PGTFORNB07022013900003955                                                                                                                               00        
0330001300007J00035691560300000269650689070323480000003261133DISTRIBUIDORA AUTOMOTIVA S/A  08022013000000000026965000000000000000000000000000000070220130000000000269650000000000000003674                900003956           09      00        
0330001300008Z70976E16C589558F3311080                                         PGTFORNB07022013900003956                                                                                                                               00        
0330001300009J00003398560300004597299513931700000103975740101DISTRIBUIDORA AUTOMOTIVA S/A  08022013000000000459729000000000000000000000000000000070220130000000004597290000000000000003666                900003932           09      00        
0330001300010Z70976E112C6C2CCCCE2AB20                                         PGTFORNB07022013900003932                                                                                                                               00        
0330001300011J00003395560300001148969513931700000103975820101DISTRIBUIDORA AUTOMOTIVA S/A  08022013000000000114896000000000000000000000000000000070220130000000001148960000000000000003669                900003933           09      00        
0330001300012Z70976E1899E200E21B1BC09                                         PGTFORNB07022013900003933                                                                                                                               00        
0330001300013J00003391560300001150529513931700000103975150101DISTRIBUIDORA AUTOMOTIVA S/A  08022013000000000115052000000000000000000000000000000070220130000000001150520000000000000003672                900003934           09      00        
0330001300014Z70976E1B2A620CF1E7FEF29                                         PGTFORNB07022013900003934                                                                                                                               00        
0330001300015J00035698560300000135620689070323490000003261306DISTRIBUIDORA AUTOMOTIVA S/A  08022013000000000013562000000000000000000000000000000070220130000000000135620000000000000003667                900003951           09      00        
0330001300016Z70976E168A964A7480FB2B3                                         PGTFORNB07022013900003951                                                                                                                               00        
0330001300017J00035692560300000371150689070323430000003261294DISTRIBUIDORA AUTOMOTIVA S/A  08022013000000000037115000000000000000000000000000000070220130000000000371150000000000000003668                900003952           09      00        
0330001300018Z70976E14CDCA2E90FE59572                                         PGTFORNB07022013900003952                                                                                                                               00        
0330001300019J00035691560300000148300689070323480000003261273DISTRIBUIDORA AUTOMOTIVA S/A  08022013000000000014830000000000000000000000000000000070220130000000000148300000000000000003670                900003953           09      00        
0330001300020Z70976E1491EDF5339C393E8                                         PGTFORNB07022013900003953                                                                                                                               00        
03300015         000022000000000000970746000000000000000000300207                                                                                                                                                                               
03300021C2031030 2054375370001370033006500490028050300065 0000480000414 AUTO GERAL DE ITU LTDA                                                                              00000                                   00000000                    
0330002300001J00023792560300000075283372090000016371805040000ABRAO REZE COM DE VEICULOS LTD08022013000000000007528000000000000000000000000000000070220130000000000075280000000000000003649                900003935           09      00        
0330002300002Z70976E12719678F72F46FEC                                         PGTFORNB07022013900003935                                                                                                                               00        
0330002300003J00039993560300000285421768236290104061860231001CAR CENTRAL DE AUTOPECAS E ROL08022013000000000028542000000000000000000000000000000070220130000000000285420000000000000003655                900003940           09      00        
0330002300004Z70976E1C915E8963DD9EE5F                                         PGTFORNB07022013900003940                                                                                                                               00        
0330002300005J00034191560300000066401127455774060076000777000CENTER PECAS FABBRI LTDA      08022013000000000006640000000000000000000000000000000070220130000000000066400000000000000003656                900003941           09      00        
0330002300006Z70976E197BD15EE2E7ADC8B                                         PGTFORNB07022013900003941                                                                                                                               00        
0330002300007J00034191560300000352001127455773720076000777000CENTER PECAS FABBRI LTDA      08022013000000000035200000000000000000000000000000000070220130000000000352000000000000000003657                900003942           09      00        
0330002300008Z70976E13E797581ADC261BE                                         PGTFORNB07022013900003942                                                                                                                               00        
0330002300009J00034191560300000040301127455773800076000777000CENTER PECAS FABBRI LTDA      08022013000000000004030000000000000000000000000000000070220130000000000040300000000000000003658                900003943           09      00        
0330002300010Z70976E144D08FB59B68570C                                         PGTFORNB07022013900003943                                                                                                                               00        
0330002300011J00023796560300003394163392023030000000600000550DRIVEWAY INDUSTRIA BRASILEIRA 08022013000000000339416000000000000000000000000000000070220130000000003394160000000000000003675                900003957           09      00        
0330002300012Z70976E175765A134059424C                                         PGTFORNB07022013900003957                                                                                                                               00        
0330002300013J00034194560300000509171127566967982938000052000EATON LTDA                    08022013000000000050917000000000000000000000000000000070220130000000000509170000000000000003676                900003958           09      00        
0330002300014Z70976E10B7ECE21ADA89A89                                         PGTFORNB07022013900003958                                                                                                                               00        
0330002300015J00034198560300000901951126931911192938000052000EATON LTDA                    08022013000000000090195000000000000000000000000000000070220130000000000901950000000000000003677                900003959           09      00        
0330002300016Z70976E159D23E0752490653                                         PGTFORNB07022013900003959                                                                                                                               00        
0330002300017J00034191560300001724501127502180032938107808000ELIVEL AUTOMOTORES LTDA       08022013000000000172450000000000000000000000000000000070220130000000001724500000000000000003678                900003960           09      00        
0330002300018Z70976E11931931886928CCF                                         PGTFORNB07022013900003960                                                                                                                               00        
0330002300019J00034191560300000388571090304442940109276204000GIRANDO COMERCIO DE PECAS LTDA08022013000000000038857000000000000000000000000000000070220130000000000388570000000000000003679                900003961           09      00        
0330002300020Z70976E13BE81E183CAF8624                                         PGTFORNB07022013900003961                                                                                                                               00        
0330002300021J00023798560300009944493372090000034895400595550FIDC MULTISETORIAL VALECRED LP08022013000000000994449000000000000000000000000000000070220130000000009944490000000000000003680                900003962           09      00        
0330002300022Z70976E14F36D1E4A63349B6                                         PGTFORNB07022013900003962                                                                                                                               00        
0330002300023J00034191560300000705531090000544068052016014000IRMAOS FERRETI E CIA LTDA     08022013000000000070553000000000000000000000000000000070220130000000000705530000000000000003681                900003963           09      00        
0330002300024Z70976E1FD523E26C52D9CBE                                         PGTFORNB07022013900003963                                                                                                                               00        
0330002300025J00034191560300000195941126683840790017301896000LUKSNOVA S/A IND E COM        08022013000000000019594000000000001019000000000000000070220130000000000185750000000000000003682                900003964           09      00        
0330002300026Z70976E124683F2A48863061                                         PGTFORNB07022013900003964                                                                                                                               00        
0330002300027J00034194560300000302121127798636720585501331000LUPORINI DISTR DE AUTOPECAS LT08022013000000000030212000000000000000000000000000000070220130000000000302120000000000000003683                900003965           09      00        
0330002300028Z70976E18A472278A65F2055                                         PGTFORNB07022013900003965                                                                                                                               00        
0330002300029J00023794560300000108003372097672311644400767230MAGGI VEICULOS LTDA           08022013000000000010800000000000000000000000000000000070220130000000000108000000000000000003684                900003966           09      00        
0330002300030Z70976E166BA6FF2F7A325D5                                         PGTFORNB07022013900003966                                                                                                                               00        
0330002300031J00023799560300000170000136093016000005201269910MEMORIAL COMERCIO DE PECAS LTD08022013000000000017000000000000000000000000000000000070220130000000000170000000000000000003685                900003967           09      00        
0330002300032Z70976E19B230E0D4640597E                                         PGTFORNB07022013900003967                                                                                                                               00        
0330002300033J00023797560300001683542514093031000001000029770ORI INDUSTRIA DE AUTO PCS LTDA08022013000000000168354000000000000000000000000000000070220130000000001683540000000000000003686                900003968           09      00        
0330002300034Z70976E19CAF27AF915B0097                                         PGTFORNB07022013900003968                                                                                                                               00        
0330002300035J00034195560300000295901750012874540278038278000PADOVANI E PADOVANI LTDA      08022013000000000029590000000000000000000000000000000070220130000000000295900000000000000003687                900003969           09      00        
0330002300036Z70976E1F69AA58387F6D50E                                         PGTFORNB07022013900003969                                                                                                                               00        
0330002300037J00039992560300005748568144669020504540096965001PELLEGRINO DISTRIBUIDORA DE AU08022013000000000574856000000000000000000000000000000070220130000000005748560000000000000003688                900003970           09      00        
0330002300038Z70976E10513FA266C74948E                                         PGTFORNB07022013900003970                                                                                                                               00        
0330002300039J00039991560300000383188145178336004540096965001PELLEGRINO DISTRIBUIDORA DE AU08022013000000000038318000000000000000000000000000000070220130000000000383180000000000000003689                900003971           09      00        
0330002300040Z70976E1D3B8C2510070FDAE                                         PGTFORNB07022013900003971                                                                                                                               00        
0330002300041J00023799560300000245003371090000833892500719500AVEBRAZ COMERCIO DE VEICULOS E08022013000000000024500000000000000000000000000000000070220130000000000245000000000000000003650                900003936           09      00        
0330002300042Z70976E1940C12324C81097F                                         PGTFORNB07022013900003936                                                                                                                               00        
0330002300043J00039992560300000357601768116476611960078237001BAP AUTOMOTIVA LTDA           08022013000000000035760000000000000000000000000000000070220130000000000357600000000000000003651                900003937           09      00        
0330002300044Z70976E1231BB979E861D831                                         PGTFORNB07022013900003937                                                                                                                               00        
0330002300045J00000191560300001791061823850758429130010401917CAMPINAS DIESEL LTDA          08022013000000000179106000000000000000000000000000000070220130000000001791060000000000000003652                900003938           09      00        
0330002300046Z70976E173AFF3A96A5D6532                                         PGTFORNB07022013900003938                                                                                                                               00        
0330002300047J00039992560300000391271768236273104061860231001CAR CENTRAL DE AUTOPECAS E ROL08022013000000000039127000000000000000000000000000000070220130000000000391270000000000000003654                900003939           09      00        
0330002300048Z70976E1CFDD8B511F1CFE4E                                         PGTFORNB07022013900003939                                                                                                                               00        
0330002300049J00034199560300003001111127731255320360545834000COBRA ROLAMENTOS E AUTO PECAS 08022013000000000300111000000000000000000000000000000070220130000000003001110000000000000003659                900003944           09      00        
0330002300050Z70976E11F0D19B169249FBF                                         PGTFORNB07022013900003944                                                                                                                               00        
0330002300051J00034192560300008177091127731257550360545834000COBRA ROLAMENTOS E AUTO PECAS 08022013000000000817709000000000000000000000000000000070220130000000008177090000000000000003660                900003945           09      00        
0330002300052Z70976E1604C5BE3691A501A                                         PGTFORNB07022013900003945                                                                                                                               00        
0330002300053J00023796560300006324212002061301398233100829680COMERCIAL AUTOMOTIVA S.A.     08022013000000000632421000000000000000000000000000000070220130000000006324210000000000000003661                900003946           09      00        
0330002300054Z70976E1329D32183A123F99                                         PGTFORNB07022013900003946                                                                                                                               00        
0330002300055J00023793560300000133872002061301400844100829680COMERCIAL AUTOMOTIVA S.A.     08022013000000000013387000000000000000000000000000000070220130000000000133870000000000000003662                900003947           09      00        
0330002300056Z70976E16F01DFA4EB01C607                                         PGTFORNB07022013900003947                                                                                                                               00        
0330002300057J00023791560300001616922002061301398242100829680COMERCIAL AUTOMOTIVA S.A.     08022013000000000161692000000000000000000000000000000070220130000000001616920000000000000003663                900003948           09      00        
0330002300058Z70976E12C0B6BBE62332DD0                                         PGTFORNB07022013900003948                                                                                                                               00        
0330002300059J00034194560300000729771571445780724522114471000COML NV MILLENNIUN A P LTDA EP08022013000000000072977000000000003648000000000000000070220130000000000693290000000000000003664                900003949           09      00        
0330002300060Z70976E1C1BF12B52B34034B                                         PGTFORNB07022013900003949                                                                                                                               00        
0330002300061J00074893560300001412421112202629430220404131102COMERCIAL REDE INDUSTRIA DE PE08022013000000000141242000000000000000000000000000000070220130000000001412420000000000000003665                900003950           09      00        
0330002300062Z70976E161E9FB7EB5A03ED1                                         PGTFORNB07022013900003950                                                                                                                               00        
0330002300063J00039991560300001953878144669003504540096965001PELLEGRINO DISTRIBUIDORA DE AU08022013000000000195387000000000000000000000000000000070220130000000001953870000000000000003690                900003972           09      00        
0330002300064Z70976E115EA6F76287A1744                                         PGTFORNB07022013900003972                                                                                                                               00        
0330002300065J00039995560300000680546696534907404540096965001PELLEGRINO DISTRIBUIDORA DE AU08022013000000000068054000000000000000000000000000000070220130000000000680540000000000000003691                900003973           09      00        
0330002300066Z70976E1AE59CC1F687D3BD3                                         PGTFORNB07022013900003973                                                                                                                               00        
0330002300067J00039994560300001097166696534908204540096965001PELLEGRINO DISTRIBUIDORA DE AU08022013000000000109716000000000000000000000000000000070220130000000001097160000000000000003692                900003974           09      00        
0330002300068Z70976E1DCECB5AD010949E5                                         PGTFORNB07022013900003974                                                                                                                               00        
0330002300069J00039992560300001490058144669015904540096965001PELLEGRINO DISTRIBUIDORA DE AU08022013000000000149005000000000000000000000000000000070220130000000001490050000000000000003693                900003975           09      00        
0330002300070Z70976E10882D4E9D1F65A27                                         PGTFORNB07022013900003975                                                                                                                               00        
0330002300071J00034199560300001536961127464903026238015991000POLI FILTRO IND E COMERCIO LTD08022013000000000153696000000000000000000000000000000070220130000000001536960000000000000003694                900003976           09      00        
0330002300072Z70976E146BEFCA0B565BCA5                                         PGTFORNB07022013900003976                                                                                                                               00        
0330002300073J00039996560300000504443133510725205313093513001REAL MOTO PECAS LTDA          08022013000000000050444000000000000000000000000000000070220130000000000504440000000000000003695                900003977           09      00        
0330002300074Z70976E1AE7ED4C912B441D3                                         PGTFORNB07022013900003977                                                                                                                               00        
0330002300075J00039998560300005065333133509829605313093513001REAL MOTO PECAS LTDA          08022013000000000506533000000000000000000000000000000070220130000000005065330000000000000003696                900003978           09      00        
0330002300076Z70976E117AB6383E3E1A198                                         PGTFORNB07022013900003978                                                                                                                               00        
0330002300077J00039998560300000769843133508371005313093513001REAL MOTO PECAS LTDA          08022013000000000076984000000000000000000000000000000070220130000000000769840000000000000003697                900003979           09      00        
0330002300078Z70976E1436A1489E2602AE2                                         PGTFORNB07022013900003979                                                                                                                               00        
0330002300079J00039991560300000807223133521707405313093513001REAL MOTO PECAS LTDA          08022013000000000080722000000000000000000000000000000070220130000000000807220000000000000003698                900003980           09      00        
0330002300080Z70976E1D17FEF2E8B00F667                                         PGTFORNB07022013900003980                                                                                                                               00        
0330002300081J00039996560300000328733133508155505313093513001REAL MOTO PECAS LTDA          08022013000000000032873000000000000000000000000000000070220130000000000328730000000000000003699                900003981           09      00        
0330002300082Z70976E1ED3441452020A1A3                                         PGTFORNB07022013900003981                                                                                                                               00        
0330002300083J00023791560300000760000328060000000924400026300REAL MOTO PECAS LTDA          08022013000000000076000000000000000000000000000000000070220130000000000760000000000000000003700                900003982           09      00        
0330002300084Z70976E16FE9D2C904CAB607                                         PGTFORNB07022013900003982                                                                                                                               00        
0330002300085J00023797560300000662423395061180232890700028140ROCHESTER DISTRIBUIDORA DE AUT08022013000000000066242000000000000000000000000000000070220130000000000662420000000000000003701                900003983           09      00        
0330002300086Z70976E1E3B4BEF395AC2714                                         PGTFORNB07022013900003983                                                                                                                               00        
0330002300087J00000197560300007087950000002175416000003260917SK AUTOMOTIVE S/A DISTR AUTOPE08022013000000000708795000000000000000000000000000000070220130000000007087950000000000000003702                900003984           09      00        
0330002300088Z70976E185FE207E171AE13E                                         PGTFORNB07022013900003984                                                                                                                               00        
0330002300089J00000193560300000560290000002175416000003258617SK AUTOMOTIVE S/A DISTR AUTOPE08022013000000000056029000000000000000000000000000000070220130000000000560290000000000000003703                900003985           09      00        
0330002300090Z70976E1F01D103D15E7370C                                         PGTFORNB07022013900003985                                                                                                                               00        
0330002300091J00000194560300000614600000002175416000003258117SK AUTOMOTIVE S/A DISTR AUTOPE08022013000000000061460000000000000000000000000000000070220130000000000614600000000000000003704                900003986           09      00        
0330002300092Z70976E17906FE5A9CB5B3F7                                         PGTFORNB07022013900003986                                                                                                                               00        
0330002300093J00023798560300000905000092093010000001300165930WILSON RUSSO AUTOPECAS LTDA   08022013000000000090500000000000000000000000000000000070220130000000000905000000000000000003705                900003987           09      00        
0330002300094Z70976E1BFA1E8ADDFA4E966                                         PGTFORNB07022013900003987                                                                                                                               00        
0330002300095J00023799560300000295000092093014000001400165930WILSON RUSSO AUTOPECAS LTDA   08022013000000000029500000000000000000000000000000000070220130000000000295000000000000000003706                900003988           09      00        
0330002300096Z70976E125E1E37BF0A42B2A                                         PGTFORNB07022013900003988                                                                                                                               00        
03300025         000098000000000007652806000000000000000000310207                                                                                                                                                                               
03399999         000002000122000000                                                                                                                                                                                                             
