03300000         2054375370001370033006500490028050300065 0000480000414 AUTO GERAL DE ITU LTDA        SANTANDER                               20801201302211700014306000000                                                                     
03300011C2030030 2054375370001370033006500490028050300065 0000480000414 AUTO GERAL DE ITU LTDA                                                                              00000                                   00000000                    
0330001300001J00003394557200000884869472544100000001281710104CINPAL CIA IND DE PECAS P/ AUT08012013000000000088486000000000000000000000000000000080120130000000000884860000000000000002686                900002969           09      00        
0330001300002Z70976E18E0A5B83B524DA41                                         PGTFORNB08012013900002969                                                                                                                               00        
0330001300003J00003391557200001123009472544100000001282100104CINPAL CIA IND DE PECAS P/ AUT08012013000000000112300000000000000000000000000000000080120130000000001123000000000000000002687                900002970           09      00        
0330001300004Z70976E123656A633DC27034                                         PGTFORNB08012013900002970                                                                                                                               00        
03300015         000006000000000000200786000000000000000000300108                                                                                                                                                                               
03300021C2031030 2054375370001370033006500490028050300065 0000480000414 AUTO GERAL DE ITU LTDA                                                                              00000                                   00000000                    
0330002300001J00034195557200000243001126728344160078840006000BECAP COM DE AUTO PECAS LTDA  08012013000000000024300000000000000000000000000000000080120130000000000243000000000000000002685                900002971           09      00        
0330002300002Z70976E1AAAFA0960CA5288B                                         PGTFORNB08012013900002971                                                                                                                               00        
0330002300003J00034196557200001319831126979027192938040108000CINPAL CIA IND DE PECAS P/ AUT08012013000000000131983000000000000000000000000000000080120130000000001319830000000000000002688                900002972           09      00        
0330002300004Z70976E111E6C3590C729C55                                         PGTFORNB08012013900002972                                                                                                                               00        
0330002300005J00034199557200000293781126425757432938000052000EATON LTDA                    08012013000000000029378000000000000000000000000000000080120130000000000293780000000000000002689                900002973           09      00        
0330002300006Z70976E1D342EB88E7800311                                         PGTFORNB08012013900002973                                                                                                                               00        
0330002300007J00034195557200000219431126878901972938000052000EATON LTDA                    08012013000000000021943000000000000000000000000000000080120130000000000219430000000000000002690                900002974           09      00        
0330002300008Z70976E121170BC89CAF5099                                         PGTFORNB08012013900002974                                                                                                                               00        
0330002300009J00034196557200000340951125995331582938000052000EATON LTDA                    08012013000000000034095000000000000000000000000000000080120130000000000340950000000000000002691                900002975           09      00        
0330002300010Z70976E1CFD7C5069C08C3C9                                         PGTFORNB08012013900002975                                                                                                                               00        
0330002300011J00034191557200000216521126878899672938000052000EATON LTDA                    08012013000000000021652000000000000000000000000000000080120130000000000216520000000000000002692                900002976           09      00        
0330002300012Z70976E1425A77D93B492553                                         PGTFORNB08012013900002976                                                                                                                               00        
0330002300013J00039991557200000502891763745027103280030090001ITAVEMA ITALIA VEICULOS E MAQU08012013000000000050289000000000000000000000000000000080120130000000000502890000000000000002693                900002977           09      00        
0330002300014Z70976E1F6637F6EAA501240                                         PGTFORNB08012013900002977                                                                                                                               00        
0330002300015J00023796557200002351863372097672311505900767230MAGGI VEICULOS LTDA           08012013000000000235186000000000000000000000000000000080120130000000002351860000000000000002694                900002978           09      00        
0330002300016Z70976E1C77AB03AA2D3A3F9                                         PGTFORNB08012013900002978                                                                                                                               00        
0330002300017J00034194557200000426201126358883840384625000000PECAS AUTOMOTIVAS ZEENE LTDA  08012013000000000042620000000000000000000000000000000080120130000000000426200000000000000002695                900002979           09      00        
0330002300018Z70976E121AF76BE60454643                                         PGTFORNB08012013900002979                                                                                                                               00        
0330002300019J00023797557200016936723394190004047305600136510PROMAX PRODS MAXIMOS S/A IND C08012013000000001693672000000000000000000000000000000080120130000000016936720000000000000002696                900002980           09      00        
0330002300020Z70976E1D7E906C48BB6806C                                         PGTFORNB08012013900002980                                                                                                                               00        
0330002300021J00039999557200001518602315344382305313093513001REAL MOTO PECAS LTDA          08012013000000000151860000000000000000000000000000000080120130000000001518600000000000000002697                900002981           09      00        
0330002300022Z70976E1870B8C5985B0E03A                                         PGTFORNB08012013900002981                                                                                                                               00        
0330002300023J00039992557200010852472315343502205313093513001REAL MOTO PECAS LTDA          08012013000000001085247000000000000000000000000000000080120130000000010852470000000000000002698                900002982           09      00        
0330002300024Z70976E1F2266F07EB672357                                         PGTFORNB08012013900002982                                                                                                                               00        
0330002300025J00023791557200000640703395090000004829700650000SORANA SUL                    08012013000000000064070000000000000000000000000000000080120130000000000640700000000000000002699                900002983           09      00        
0330002300026Z70976E14B308CDDE23F18E1                                         PGTFORNB08012013900002983                                                                                                                               00        
0330002300027J00023791557200000180653395090000004940400650000SORANA SUL                    08012013000000000018065000000000000000000000000000000080120130000000000180650000000000000002700                900002984           09      00        
0330002300028Z70976E1F9D67FD6553C103A                                         PGTFORNB08012013900002984                                                                                                                               00        
0330002300029J00034194557200009871211126957502013161236579000THEGA INDUSTRIA COMERCIO LTDA 08012013000000000987121000000000000000000000000000000080120130000000009871210000000000000002701                900002985           09      00        
0330002300030Z70976E17F4F0B0F07FF866E                                         PGTFORNB08012013900002985                                                                                                                               00        
0330002300031J00023794557200000265250545090000031618900705060TONINI DISTRIBUIDORA LTDA     08012013000000000026525000000000000000000000000000000080120130000000000265250000000000000002702                900002986           09      00        
0330002300032Z70976E17BF31BDF6161BAE2                                         PGTFORNB08012013900002986                                                                                                                               00        
0330002300033J00039998557200001559872400444260806573205239001RODONAVES TRANSP E ENCOMENDAS 08012013000000000155987000000000000000000000000000000080120130000000001559870000000000000002703                900002987           09      00        
0330002300034Z70976E103C016E106D1CCD0                                         PGTFORNB08012013900002987                                                                                                                               00        
0330002300035J00039997557200000389802400444261606573205239001RODONAVES TRANSP E ENCOMENDAS 08012013000000000038980000000000000000000000000000000080120130000000000389800000000000000002704                900002988           09      00        
0330002300036Z70976E11DC4015A3AB30AED                                         PGTFORNB08012013900002988                                                                                                                               00        
0330002300037J00039993557200000036603512576000000036257000832RODONAVES TRANSP E ENCOMENDAS 08012013000000000003660000000000000000000000000000000080120130000000000036600000000000000002705                900002989           09      00        
0330002300038Z70976E1702ADBA141F5F76D                                         PGTFORNB08012013900002989                                                                                                                               00        
03300025         000040000000000004816633000000000000000000310108                                                                                                                                                                               
03399999         000002000048000000                                                                                                                                                                                                             
