03300000         2054375370001370033006500490028050300065 0000480000414 AUTO GERAL DE ITU LTDA        SANTANDER                               20402201303355500020006000000                                                                     
03300011C2030030 2054375370001370033006500490028050300065 0000480000414 AUTO GERAL DE ITU LTDA                                                                              00000                                   00000000                    
0330001300001J00003397559800001357409421259200000000418820101GUMP MOTORS COMPONENTES AUTOMO03022013000000000135740000000000000000000000000000000040220130000000001357400000000000000003482                900003756           09      00        
0330001300002Z70976E160FC4BC6DE079318                                         PGTFORNB04022013900003756                                                                                                                               00        
0330001300003J00003391559900001745189482966200000024119700104CAR CENTRAL DE AUTOPECAS E ROL04022013000000000174518000000000000000000000000000000040220130000000001745180000000000000003492                900003757           09      00        
0330001300004Z70976E1E2B2C19502AD625E                                         PGTFORNB04022013900003757                                                                                                                               00        
0330001300005J00003391559900015321069148017000000001856200104IND E COM AUTO PECAS REI LTDA 04022013000000001532106000000000000000000000000000000040220130000000015321060000000000000003512                900003758           09      00        
0330001300006Z70976E12B2A92886F99E96E                                         PGTFORNB04022013900003758                                                                                                                               00        
0330001300007J00035691559900000314200689070323400000003260257DISTRIBUIDORA AUTOMOTIVA S/A  04022013000000000031420000000000000000000000000000000040220130000000000314200000000000000003500                900003784           09      00        
0330001300008Z70976E1A3A074CF5EEFDA06                                         PGTFORNB04022013900003784                                                                                                                               00        
0330001300009J00035694559900000246800689070323490000003260340DISTRIBUIDORA AUTOMOTIVA S/A  04022013000000000024680000000000000000000000000000000040220130000000000246800000000000000003501                900003785           09      00        
0330001300010Z70976E1DA180878DCAE6170                                         PGTFORNB04022013900003785                                                                                                                               00        
0330001300011J00035691559900000334940689070323480000003260267DISTRIBUIDORA AUTOMOTIVA S/A  04022013000000000033494000000000000000000000000000000040220130000000000334940000000000000003502                900003786           09      00        
0330001300012Z70976E1A7884B7A648539C2                                         PGTFORNB04022013900003786                                                                                                                               00        
03300015         000014000000000001931958000000000000000000300204                                                                                                                                                                               
03300021C2031030 2054375370001370033006500490028050300065 0000480000414 AUTO GERAL DE ITU LTDA                                                                              00000                                   00000000                    
0330002300001J00023791559900000339780138093007000006301370000BBL SISTEMAS OPERACIONAIS LTDA04022013000000000033978000000000000000000000000000000040220130000000000339780000000000000003503                900003787           09      00        
0330002300002Z70976E1BBF81A2D4C6FF2C9                                         PGTFORNB04022013900003787                                                                                                                               00        
0330002300003J00034191559900000142621127318333002938069560000TEMPO AUTOMOVEIS PECAS LTDA   04022013000000000014262000000000000000000000000000000040220130000000000142620000000000000003529                900003812           09      00        
0330002300004Z70976E1EAE2844171F781F3                                         PGTFORNB04022013900003812                                                                                                                               00        
0330002300005J00034192559900000122421126621267572938069560000TEMPO AUTOMOVEIS PECAS LTDA   04022013000000000012242000000000000000000000000000000040220130000000000122420000000000000003530                900003813           09      00        
0330002300006Z70976E18488D92C8D658D0E                                         PGTFORNB04022013900003813                                                                                                                               00        
0330002300007J00034198559900011598901127758169480017697418000THOMSON C I COM PROD AUT LTDA 04022013000000001159890000000000000000000000000000000040220130000000011598900000000000000003531                900003814           09      00        
0330002300008Z70976E1E923D7DB9E08D962                                         PGTFORNB04022013900003814                                                                                                                               00        
0330002300009J00000195559900001362280443038352418690003493111J. INVEST MAXX FACTORING FOMEN04022013000000000136228000000000000000000000000000000040220130000000001362280000000000000003488                900003773           09      00        
0330002300010Z70976E1424D1E9A111DC808                                         PGTFORNB04022013900003773                                                                                                                               00        
0330002300011J00039998559900000146751767802812611960078237001BAP AUTOMOTIVA LTDA           04022013000000000014675000000000000000000000000000000040220130000000000146750000000000000003489                900003774           09      00        
0330002300012Z70976E198A29D9C16C6CBDF                                         PGTFORNB04022013900003774                                                                                                                               00        
0330002300013J00000197559900001791061823850721529130010401917CAMPINAS DIESEL LTDA          04022013000000000179106000000000000000000000000000000040220130000000001791060000000000000003490                900003775           09      00        
0330002300014Z70976E185B7341A19421CDD                                         PGTFORNB04022013900003775                                                                                                                               00        
0330002300015J00034198559900000224001561663018744518080884000CAMPOS SALLES C LTDA EPP      04022013000000000022400000000000000000000000000000000040220130000000000224000000000000000003491                900003776           09      00        
0330002300016Z70976E1392C92D33F3423F0                                         PGTFORNB04022013900003776                                                                                                                               00        
0330002300017J00039994559900000144431767010722104061860231001CAR CENTRAL DE AUTOPECAS E ROL04022013000000000014443000000000000000000000000000000040220130000000000144430000000000000003493                900003777           09      00        
0330002300018Z70976E107E92F6E68838D33                                         PGTFORNB04022013900003777                                                                                                                               00        
0330002300019J00000191559900000968000442958899719140000100711CDMD COM DE VEICULOS AUTOMOTOR04022013000000000096800000000000000000000000000000000040220130000000000968000000000000000003494                900003778           09      00        
0330002300020Z70976E1666A25BB6C628A07                                         PGTFORNB04022013900003778                                                                                                                               00        
0330002300021J00034191559900000031001127338650600076000777000CENTER PECAS FABBRI LTDA      04022013000000000003100000000000000000000000000000000040220130000000000031000000000000000003495                900003779           09      00        
0330002300022Z70976E19783384D9A22A858                                         PGTFORNB04022013900003779                                                                                                                               00        
0330002300023J00034192559900000070501127338650370076000777000CENTER PECAS FABBRI LTDA      04022013000000000007050000000000000000000000000000000040220130000000000070500000000000000003496                900003780           09      00        
0330002300024Z70976E17967C6211EB42032                                         PGTFORNB04022013900003780                                                                                                                               00        
0330002300025J00023799559900000465973262090000033541800935470CENTER PECAS FABBRI LTDA      04022013000000000046597000000000000000000000000000000040220130000000000465970000000000000003497                900003781           09      00        
0330002300026Z70976E1B07688E890B22283                                         PGTFORNB04022013900003781                                                                                                                               00        
0330002300027J00023794559900000670653395001300005902900086350DECAR AUTOPECAS LTDA          04022013000000000067065000000000000000000000000000000040220130000000000670650000000000000003498                900003782           09      00        
0330002300028Z70976E1D388E1989F84A644                                         PGTFORNB04022013900003782                                                                                                                               00        
0330002300029J00023792559900000075003398190000023054501324600DIBRACAM COMERCIAL LTDA       04022013000000000007500000000000000000000000000000000040220130000000000075000000000000000003499                900003783           09      00        
0330002300030Z70976E14A690AC36D4F9EC4                                         PGTFORNB04022013900003783                                                                                                                               00        
0330002300031J00034197559800000473201126821356140237417159000ACCIOLY SA IMP E COM          03022013000000000047320000000000000000000000000000000040220130000000000473200000000000000003473                900003759           09      00        
0330002300032Z70976E104C6CBBD48121597                                         PGTFORNB04022013900003759                                                                                                                               00        
0330002300033J00034196559900000212971127216695402938000052000EATON LTDA                    04022013000000000021297000000000000000000000000000000040220130000000000212970000000000000003504                900003788           09      00        
0330002300034Z70976E1EE1DA8DEA08969D6                                         PGTFORNB04022013900003788                                                                                                                               00        
0330002300035J00034192559900000563191127216695652938000052000EATON LTDA                    04022013000000000056319000000000000000000000000000000040220130000000000563190000000000000003505                900003789           09      00        
0330002300036Z70976E184AE66EC338B3898                                         PGTFORNB04022013900003789                                                                                                                               00        
0330002300037J00034199559900000864531127216696152938000052000EATON LTDA                    04022013000000000086453000000000000000000000000000000040220130000000000864530000000000000003506                900003790           09      00        
0330002300038Z70976E1ECE594C605AE5D8E                                         PGTFORNB04022013900003790                                                                                                                               00        
0330002300039J00023791559900000022050328090000002103600185330GENAU IND COM DE FREIOS LTDA  04022013000000000002205000000000000000000000000000000040220130000000000022050000000000000003507                900003791           09      00        
0330002300040Z70976E15275338EF2B372C9                                         PGTFORNB04022013900003791                                                                                                                               00        
0330002300041J00034193559900002010711090304412170109276204000GIRANDO COMERCIO DE PECAS LTDA04022013000000000201071000000000000000000000000000000040220130000000002010710000000000000003508                900003792           09      00        
0330002300042Z70976E16E1DB3AAAE59CF2E                                         PGTFORNB04022013900003792                                                                                                                               00        
0330002300043J00034191559900000179991090304409530109276204000GIRANDO COMERCIO DE PECAS LTDA04022013000000000017999000000000000000000000000000000040220130000000000179990000000000000003509                900003793           09      00        
0330002300044Z70976E167505EBF458DE04E                                         PGTFORNB04022013900003793                                                                                                                               00        
0330002300045J00034193559900000245421090304414980109276204000GIRANDO COMERCIO DE PECAS LTDA04022013000000000024542000000000000000000000000000000040220130000000000245420000000000000003510                900003794           09      00        
0330002300046Z70976E14E0E37A32B34EB3B                                         PGTFORNB04022013900003794                                                                                                                               00        
0330002300047J00034195559900002644001091724325981248027078000BANCO VOTORANTIM SA           04022013000000000264400000000000000000000000000000000040220130000000002644000000000000000003511                900003795           09      00        
0330002300048Z70976E120553B779AC5BF42                                         PGTFORNB04022013900003795                                                                                                                               00        
0330002300049J00023799559900000300003372094000204504700400020MAGGI LE NOM AUTOMOTORES LTDA 04022013000000000030000000000000000000000000000000000040220130000000000300000000000000000003513                900003796           09      00        
0330002300050Z70976E13822218A338C76EE                                         PGTFORNB04022013900003796                                                                                                                               00        
0330002300051J00023793559900000255003372097672311634100767230MAGGI VEICULOS LTDA           04022013000000000025500000000000000000000000000000000040220130000000000255000000000000000003514                900003797           09      00        
0330002300052Z70976E1BC8BCDB1F2BCE26A                                         PGTFORNB04022013900003797                                                                                                                               00        
0330002300053J00034199559900001650001127758162290017328824000MTE THOMSON IND COM LTDA      04022013000000000165000000000000000000000000000000000040220130000000001650000000000000000003515                900003798           09      00        
0330002300054Z70976E178412B7D065E7025                                         PGTFORNB04022013900003798                                                                                                                               00        
0330002300055J00034194559900002193733588930809210452842032000ONIN DISTR DE AUTOPECAS LTDA  04022013000000000219373000000000000000000000000000000040220130000000002193730000000000000003516                900003799           09      00        
0330002300056Z70976E1FE5ED92B7A097669                                         PGTFORNB04022013900003799                                                                                                                               00        
0330002300057J00039991559900001488348144668697604540096965001PELLEGRINO DISTRIBUIDORA DE AU04022013000000000148834000000000000000000000000000000040220130000000001488340000000000000003517                900003800           09      00        
0330002300058Z70976E11FBF419770A516BA                                         PGTFORNB04022013900003800                                                                                                                               00        
0330002300059J00034192559900001002941128026523240191074004000POLIPECAS COMERCIAL E IMPORTAD04022013000000000100294000000000007021000000000000000040220130000000000932730000000000000003518                900003801           09      00        
0330002300060Z70976E183ECC25E6779AB23                                         PGTFORNB04022013900003801                                                                                                                               00        
0330002300061J00039999559900005065343133509828805313093513001REAL MOTO PECAS LTDA          04022013000000000506534000000000000000000000000000000040220130000000005065340000000000000003519                900003802           09      00        
0330002300062Z70976E1532500B7F15AE0FA                                         PGTFORNB04022013900003802                                                                                                                               00        
0330002300063J00039993559900000337853133500168305313093513001REAL MOTO PECAS LTDA          04022013000000000033785000000000000000000000000000000040220130000000000337850000000000000003520                900003803           09      00        
0330002300064Z70976E1F882FDBA79A62FED                                         PGTFORNB04022013900003803                                                                                                                               00        
0330002300065J00039991559900000509513133508405805313093513001REAL MOTO PECAS LTDA          04022013000000000050951000000000000000000000000000000040220130000000000509510000000000000003521                900003804           09      00        
0330002300066Z70976E121A94AC2A6525836                                         PGTFORNB04022013900003804                                                                                                                               00        
0330002300067J00039993559900000702642315395939005313093513001REAL MOTO PECAS LTDA          04022013000000000070264000000000000000000000000000000040220130000000000702640000000000000003522                900003805           09      00        
0330002300068Z70976E1667A6BF2C96B3B29                                         PGTFORNB04022013900003805                                                                                                                               00        
0330002300069J00000191559900000147930443677438419140000644711SHARK TRATORES E PECAS LTDA   04022013000000000014793000000000000000000000000000000040220130000000000147930000000000000003523                900003806           09      00        
0330002300070Z70976E15F4EEE06E3C426EE                                         PGTFORNB04022013900003806                                                                                                                               00        
0330002300071J00000196559900000321040000001572502000001805717SHARK TRATORES E PECAS LTDA   04022013000000000032104000000000000000000000000000000040220130000000000321040000000000000003524                900003807           09      00        
0330002300072Z70976E143991F95E12D532B                                         PGTFORNB04022013900003807                                                                                                                               00        
0330002300073J00000193559900000999500000001451450000036115217SK AUTOMOTIVE S/A DISTR AUTOPE04022013000000000099950000000000000000000000000000000040220130000000000999500000000000000003525                900003808           09      00        
0330002300074Z70976E19F2F5389DE342462                                         PGTFORNB04022013900003808                                                                                                                               00        
0330002300075J00000195559900000594000442959157919140030527311SUPER CDMD COMERCIO DE VEICULO04022013000000000059400000000000000000000000000000000040220130000000000594000000000000000003526                900003809           09      00        
0330002300076Z70976E19014A31BF6391B2A                                         PGTFORNB04022013900003809                                                                                                                               00        
0330002300077J00000199559900000264360443790644133260008018911T-PARTS COML E IMP DE AUTOPECA04022013000000000026436000000000000000000000000000000040220130000000000264360000000000000003527                900003810           09      00        
0330002300078Z70976E1875CD2E071948860                                         PGTFORNB04022013900003810                                                                                                                               00        
0330002300079J00034199559900000207611125711949532938069560000TEMPO AUTOMOVEIS PECAS LTDA   04022013000000000020761000000000000000000000000000000040220130000000000207610000000000000003528                900003811           09      00        
0330002300080Z70976E13693344A0CB8ED84                                         PGTFORNB04022013900003811                                                                                                                               00        
0330002300081J00039992559900000753511767595844004540079149001BANCO SOFISA SA               04022013000000000075351000000000000000000000000000000040220130000000000753510000000000000003532                900003815           09      00        
0330002300082Z70976E1CCAA532C00057A85                                         PGTFORNB04022013900003815                                                                                                                               00        
0330002300083J00023794559700002202462500090256570831900000340ODAPEL DISTRIBUIDORA DE AUTO P02022013000000000220246000000000000000000000000000000040220130000000002202460000000000000003468                900003750           09      00        
0330002300084Z70976E1E84102899EAD0598                                         PGTFORNB04022013900003750                                                                                                                               00        
0330002300085J00034196559700003179821090000469460452910011000ONIN DISTR DE AUTOPECAS LTDA  02022013000000000317982000000000000000000000000000000040220130000000003179820000000000000003469                900003751           09      00        
0330002300086Z70976E15873C1C36CDD5B8F                                         PGTFORNB04022013900003751                                                                                                                               00        
0330002300087J00034194559700000434501127308225850384625000000PECAS AUTOMOTIVAS ZEENE LTDA  02022013000000000043450000000000000000000000000000000040220130000000000434500000000000000003470                900003752           09      00        
0330002300088Z70976E1530C65AC9553C95F                                         PGTFORNB04022013900003752                                                                                                                               00        
0330002300089J00023793559700016388423372093018000000605187730RCD COMERCIO  E INDUSTRIA LTDA02022013000000001638842000000000000000000000000000000040220130000000016388420000000000000003471                900003753           09      00        
0330002300090Z70976E18308E0D534F02F16                                         PGTFORNB04022013900003753                                                                                                                               00        
0330002300091J00023798559700000231723395061180232884500028140ROCHESTER DISTRIBUIDORA DE AUT02022013000000000023172000000000000000000000000000000040220130000000000231720000000000000003472                900003754           09      00        
0330002300092Z70976E1E02D570EC13E75C9                                         PGTFORNB04022013900003754                                                                                                                               00        
0330002300093J00039997559900001068011767595842404540079149001BANCO SOFISA SA               04022013000000000106801000000000000000000000000000000040220130000000001068010000000000000003533                900003816           09      00        
0330002300094Z70976E115015E12B8263D6A                                         PGTFORNB04022013900003816                                                                                                                               00        
0330002300095J00039992559900000730071767595843204540079149001BANCO SOFISA SA               04022013000000000073007000000000000000000000000000000040220130000000000730070000000000000003534                900003817           09      00        
0330002300096Z70976E1951E729F56A2F8DE                                         PGTFORNB04022013900003817                                                                                                                               00        
0330002300097J00034194559900002333331127381661838513014608000SATTURNO SOROCABA TELEFONIA LT04022013000000000233333000000000023333000000000000000040220130000000002100000000000000000003535                900003818           09      00        
0330002300098Z70976E12910BECB75C6A3D7                                         PGTFORNB04022013900003818                                                                                                                               00        
0330002300099J00034194559900001962001750059997950644188559000ATERA INFORMATICA LTDA        04022013000000000196200000000000000000000000000000000040220130000000001962000000000000000003536                900003819           09      00        
0330002300100Z70976E177E0E597C22D75E3                                         PGTFORNB04022013900003819                                                                                                                               00        
0330002300101J00034191559900000959641090000017750278683974000CRISTIANE R A FERNANDES ME    04022013000000000095964000000000000000000000000000000040220130000000000959640000000000000003537                900003820           09      00        
0330002300102Z70976E197F0F35E0D065794                                         PGTFORNB04022013900003820                                                                                                                               00        
0330002300103J00023792559900004180493391020007157328900010210INTERSMART COM IMP EXP EQUIP E04022013000000000418049000000000000000000000000000000040220130000000004180490000000000000003538                900003821           09      00        
0330002300104Z70976E171BB7F6DE2EAF35E                                         PGTFORNB04022013900003821                                                                                                                               00        
0330002300105J00034191559800000214441127371887660237417159000ACCIOLY SA IMP E COM          03022013000000000021444000000000000000000000000000000040220130000000000214440000000000000003474                900003760           09      00        
0330002300106Z70976E1FC6FD4EE64CD0DB7                                         PGTFORNB04022013900003760                                                                                                                               00        
0330002300107J00034191559800000834061127176959050237417159000ACCIOLY SA IMP E COM          03022013000000000083406000000000000000000000000000000040220130000000000834060000000000000003475                900003761           09      00        
0330002300108Z70976E198F5264A91226621                                         PGTFORNB04022013900003761                                                                                                                               00        
0330002300109J00034191559800000047701127338650520076000777000CENTER PECAS FABBRI LTDA      03022013000000000004770000000000000000000000000000000040220130000000000047700000000000000003476                900003762           09      00        
0330002300110Z70976E15343152893920680                                         PGTFORNB04022013900003762                                                                                                                               00        
0330002300111J00034198559800000141501127338650450076000777000CENTER PECAS FABBRI LTDA      03022013000000000014150000000000000000000000000000000040220130000000000141500000000000000003477                900003763           09      00        
0330002300112Z70976E1F2A8E40C877CCF60                                         PGTFORNB04022013900003763                                                                                                                               00        
0330002300113J00000195559800008054634584340000000000000002021DB DISTRIBUIDORA DE BATERIAS L03022013000000000805463000000000000000000000000000000040220130000000008054630000000000000003478                900003764           09      00        
0330002300114Z70976E1F62576BE9369C7C1                                         PGTFORNB04022013900003764                                                                                                                               00        
0330002300115J00034196559800000563191126774932262938000052000EATON LTDA                    03022013000000000056319000000000000000000000000000000040220130000000000563190000000000000003479                900003765           09      00        
0330002300116Z70976E128FE8502F1A0A5C7                                         PGTFORNB04022013900003765                                                                                                                               00        
0330002300117J00034195559800002610551127179782442938000052000EATON LTDA                    03022013000000000261055000000000000000000000000000000040220130000000002610550000000000000003480                900003766           09      00        
0330002300118Z70976E1254084C1C3339826                                         PGTFORNB04022013900003766                                                                                                                               00        
0330002300119J00034191559800000589501127179792752938000052000EATON LTDA                    03022013000000000058950000000000000000000000000000000040220130000000000589500000000000000003481                900003767           09      00        
0330002300120Z70976E105B99AD96C637B77                                         PGTFORNB04022013900003767                                                                                                                               00        
0330002300121J00023791559800000273482709091330295169400148090GUETTI COML ATACADISTA LTDA   03022013000000000027348000000000000000000000000000000040220130000000000273480000000000000003483                900003768           09      00        
0330002300122Z70976E1A969F861D152B69B                                         PGTFORNB04022013900003768                                                                                                                               00        
0330002300123J00023797559800001427431911092311000001700178030LNG IMP EXP DE AUTOPECAS LTDA 03022013000000000142743000000000000000000000000000000040220130000000001427430000000000000003484                900003769           09      00        
0330002300124Z70976E1ADFA185C0B9AB775                                         PGTFORNB04022013900003769                                                                                                                               00        
0330002300125J00023791559800002330842500090256570907200000340ODAPEL DISTRIBUIDORA DE AUTO P03022013000000000233084000000000000000000000000000000040220130000000002330840000000000000003485                900003770           09      00        
0330002300126Z70976E1BC31538863CB843A                                         PGTFORNB04022013900003770                                                                                                                               00        
0330002300127J00023791559800003141423372093004000012605187730RCD COMERCIO  E INDUSTRIA LTDA03022013000000000314142000000000000000000000000000000040220130000000003141420000000000000003486                900003771           09      00        
0330002300128Z70976E1A03439235B3C067A                                         PGTFORNB04022013900003771                                                                                                                               00        
0330002300129J00000192559800000454000443790642233260008018911T-PARTS COML E IMP DE AUTOPECA03022013000000000045400000000000000000000000000000000040220130000000000454000000000000000003487                900003772           09      00        
0330002300130Z70976E1ED2EF9B8124A7F97                                         PGTFORNB04022013900003772                                                                                                                               00        
0330002300131J00023792559700001288301316090000009846900009000APS DISTRIBUIDORA DE AUTOPECAS02022013000000000128830000000000000000000000000000000040220130000000001288300000000000000003461                900003743           09      00        
0330002300132Z70976E1D0413B10667DD91E                                         PGTFORNB04022013900003743                                                                                                                               00        
0330002300133J00034193559700000164001127338650110076000777000CENTER PECAS FABBRI LTDA      02022013000000000016400000000000000000000000000000000040220130000000000164000000000000000003462                900003744           09      00        
0330002300134Z70976E17A0E75546CB1E72F                                         PGTFORNB04022013900003744                                                                                                                               00        
0330002300135J00034197559700000236771126736519002938000052000EATON LTDA                    02022013000000000023677000000000000000000000000000000040220130000000000236770000000000000003463                900003745           09      00        
0330002300136Z70976E1DEC29917931E4050                                         PGTFORNB04022013900003745                                                                                                                               00        
0330002300137J00034191559700000793071126736518922938000052000EATON LTDA                    02022013000000000079307000000000000000000000000000000040220130000000000793070000000000000003464                900003746           09      00        
0330002300138Z70976E171AA3BE7453E6180                                         PGTFORNB04022013900003746                                                                                                                               00        
0330002300139J00034191559700000231811126655700432938107808000ELIVEL AUTOMOTORES LTDA       02022013000000000023181000000000000000000000000000000040220130000000000231810000000000000003465                900003747           09      00        
0330002300140Z70976E18CBBB146116BF874                                         PGTFORNB04022013900003747                                                                                                                               00        
0330002300141J00023792559700000240792500090256570821800000340ODAPEL DISTRIBUIDORA DE AUTO P02022013000000000024079000000000000000000000000000000040220130000000000240790000000000000003466                900003748           09      00        
0330002300142Z70976E18B0EA437BD7AE23F                                         PGTFORNB04022013900003748                                                                                                                               00        
0330002300143J00023791559700000581762500090256570893400000340ODAPEL DISTRIBUIDORA DE AUTO P02022013000000000058176000000000000000000000000000000040220130000000000581760000000000000003467                900003749           09      00        
0330002300144Z70976E17A0ACE448FE8DA63                                         PGTFORNB04022013900003749                                                                                                                               00        
03300025         000146000000000009974888000000000000000000310204                                                                                                                                                                               
03300031C2003031 2054375370001370033006500490028050300065 0000480000414 AUTO GERAL DE ITU LTDA                                                                              00000                                   00000000                    
0330003300001A0007000010154660000002050374 GERAL PARTS COM PECAS E ABRASI3542                04022013BRL000000000000000000000000007752900003755           04022013000000000007752                                        07          000        
0330003300002B   252472438000176                              00000                                                  00000000  040220130000000000077520000000000000000000000000000000000000000000000000000000000000000                00        
0330003300003Z70976E171B24EA498A910AC                                         PGTFORNB04022013900003755                                                                                                                               00        
03300035         000005000000000000007752000000000000000000030204                                                                                                                                                                               
03399999         000003000167000000                                                                                                                                                                                                             
