03300000         2054375370001370033006500490028050300065 0000480000414 AUTO GERAL DE ITU LTDA        SANTANDER                               22910201203162200001506000000                                                                     
03300011C2030030 2054375370001370033006500490028050300065 0000480000414 AUTO GERAL DE ITU LTDA                                                                              00000                                   00000000                    
0330001300001J00003398549900002022059482285400000091717620203JOFUND S/A                    2710201200000000020220500000000000000000000000000000029102012000000000202205000000000000000165                 900000447           09      00        
0330001300002Z70976E10E86A6DB1F02CC38                                         PGTFORNB29102012900000447                                                                                                                               00        
0330001300003J00035695550100000341220409503986760000000237070ITA PECAS PARA VEICULOS COM E 2910201200000000003412200000000000000000000000000000029102012000000000034122000000000000000197                 900000490           09      00        
0330001300004Z70976E1C5AA3F48712BB8E1                                         PGTFORNB29102012900000490                                                                                                                               00        
0330001300005J00035691550100000366500689070323420000004886611DISTRIBUIDORA AUTOMOTIVA S/A  2910201200000000003665000000000000000000000000000000029102012000000000036650000000000000000190                 900000483           09      00        
0330001300006Z70976E181A4679399B2AE59                                         PGTFORNB29102012900000483                                                                                                                               00        
0330001300007J00035697550100000137420689070323440000004886635DISTRIBUIDORA AUTOMOTIVA S/A  2910201200000000001374200000000000000000000000000000029102012000000000013742000000000000000191                 900000484           09      00        
0330001300008Z70976E1935352E2992BA285                                         PGTFORNB29102012900000484                                                                                                                               00        
03300015         000010000000000000286719000000000000000000301029                                                                                                                                                                               
03300021C2031030 2054375370001370033006500490028050300065 0000480000414 AUTO GERAL DE ITU LTDA                                                                              00000                                   00000000                    
0330002300001J00034195550100001835951125051650460249017377000DRIVEWAY IND BRASIL AUTO PEC L2910201200000000018359500000000000000000000000000000029102012000000000183595000000000000000192                 900000485           09      00        
0330002300002Z70976E1C89B5BCBD5850C06                                         PGTFORNB29102012900000485                                                                                                                               00        
0330002300003J00034198550100000687661124910236132395000033000KOGA KOGA CIA LTDA            2910201200000000006876600000000000000000000000000000029102012000000000068766000000000000000198                 900000491           09      00        
0330002300004Z70976E1EC60B8EAE9C95FBB                                         PGTFORNB29102012900000491                                                                                                                               00        
0330002300005J00034191550100001844231124910234312395000033000KOGA KOGA CIA LTDA            2910201200000000018442300000000000000000000000000000029102012000000000184423000000000000000199                 900000492           09      00        
0330002300006Z70976E12E156C2D41B170C0                                         PGTFORNB29102012900000492                                                                                                                               00        
0330002300007J00023794550100000083832500090256565564500000340ODAPEL DISTRIB DE AUTO PECAS L2910201200000000000838300000000000000000000000000000029102012000000000008383000000000000000200                 900000493           09      00        
0330002300008Z70976E14E708CE8CEFCD4DA                                         PGTFORNB29102012900000493                                                                                                                               00        
0330002300009J00023796550100007527692500090256565550800000340ODAPEL DISTRIB DE AUTO PECAS L2910201200000000075276900000000000000000000000000000029102012000000000752769000000000000000201                 900000494           09      00        
0330002300010Z70976E1718814E6E3486D85                                         PGTFORNB29102012900000494                                                                                                                               00        
0330002300011J00023796550100000989943484092268000074601129000PETRONAS LUBRIFICANTES S/A    2910201200000000009899400000000000000000000000000000029102012000000000098994000000000000000202                 900000495           09      00        
0330002300012Z70976E1B94DE36429668104                                         PGTFORNB29102012900000495                                                                                                                               00        
0330002300013J00034191550100001417521125042212530191074004000POLIPECAS COML E IMP LTDA     2910201200000000014175200000000000992300000000000000029102012000000000131829000000000000000206                 900000496           09      00        
0330002300014Z70976E1DA1608AEC3CD1A95                                         PGTFORNB29102012900000496                                                                                                                               00        
0330002300015J00000195550100000442110000002096856000002061617PRV COMERCIO DE PECAS LTDA    2910201200000000004421100000000000000000000000000000029102012000000000044211000000000000000207                 900000497           09      00        
0330002300016Z70976E1F7D40F3CB05C9940                                         PGTFORNB29102012900000497                                                                                                                               00        
0330002300017J00000191550100003646290441505724209500001934911QUINELATO INDUSTRIA E COMERCIO2910201200000000036462900000000000000000000000000000029102012000000000364629000000000000000208                 900000498           09      00        
0330002300018Z70976E1F16A5A4E3DFA93B9                                         PGTFORNB29102012900000498                                                                                                                               00        
0330002300019J00039998550100000857902053141968605313093513001REAL MOTO PECAS LTDA          2910201200000000008579000000000000000000000000000000029102012000000000085790000000000000000209                 900000499           09      00        
0330002300020Z70976E100904158A0BFD641                                         PGTFORNB29102012900000499                                                                                                                               00        
0330002300021J00039994550100003417832053141288605313093513001REAL MOTO PECAS LTDA          2910201200000000034178300000000000000000000000000000029102012000000000341783000000000000000210                 900000500           09      00        
0330002300022Z70976E11362984AF117C1FB                                         PGTFORNB29102012900000500                                                                                                                               00        
0330002300023J00039993550100000714262053140480805313093513001REAL MOTO PECAS LTDA          2910201200000000007142600000000000000000000000000000029102012000000000071426000000000000000211                 900000501           09      00        
0330002300024Z70976E11A60E41445D90F20                                         PGTFORNB29102012900000501                                                                                                                               00        
0330002300025J00023793550100000399943395061180232788300028140ROCHESTER DISTRIBUIDORA DE AUT2910201200000000003999400000000000000000000000000000029102012000000000039994000000000000000212                 900000502           09      00        
0330002300026Z70976E19528FB28CEA19778                                         PGTFORNB29102012900000502                                                                                                                               00        
0330002300027J00034191550100003369141125051650530249017377000DRIVEWAY IND BRASIL AUTO PECAS2910201200000000033691400000000000000000000000000000029102012000000000336914000000000000000193                 900000486           09      00        
0330002300028Z70976E1935B2A052B7DA2CD                                         PGTFORNB29102012900000486                                                                                                                               00        
0330002300029J00034198549900000331001124566518120076000777000CENTER PECAS FABBRI LTDA      2710201200000000003310000000000000000000000000000000029102012000000000033100000000000000000154                 900000448           09      00        
0330002300030Z70976E1BE1254B1F775D5DB                                         PGTFORNB29102012900000448                                                                                                                               00        
0330002300031J00034198549900000156401124489173700076000777000CENTER PECAS FABBRI LTDA      2710201200000000001564000000000000000000000000000000029102012000000000015640000000000000000155                 900000449           09      00        
0330002300032Z70976E1B5F2D2F52BBE69D4                                         PGTFORNB29102012900000449                                                                                                                               00        
0330002300033J00034194549900000146501124489173620076000777000CENTER PECAS FABBRI LTDA      2710201200000000001465000000000000000000000000000000029102012000000000014650000000000000000156                 900000450           09      00        
0330002300034Z70976E143676657F4AA1EC5                                         PGTFORNB29102012900000450                                                                                                                               00        
0330002300035J00034192549900000110501124489173540076000777000CETNER PECAS FABBRI LTDA      2710201200000000001105000000000000000000000000000000029102012000000000011050000000000000000157                 900000451           09      00        
0330002300036Z70976E13F3B78B0EDBE3333                                         PGTFORNB29102012900000451                                                                                                                               00        
0330002300037J00034191549900000711051122530869982938000052000EATON LTDA                    2710201200000000007110500000000000000000000000000000029102012000000000071105000000000000000158                 900000452           09      00        
0330002300038Z70976E1F0CCB01044A5512E                                         PGTFORNB29102012900000452                                                                                                                               00        
0330002300039J00034198549900000473551123473650362938000052000EATON LTDA                    2710201200000000004735500000000000000000000000000000029102012000000000047355000000000000000159                 900000453           09      00        
0330002300040Z70976E1CC35C32C3A72D55C                                         PGTFORNB29102012900000453                                                                                                                               00        
0330002300041J00034194549900000346521123473642862938000052000EATON LTDA                    2710201200000000003465200000000000000000000000000000029102012000000000034652000000000000000160                 900000454           09      00        
0330002300042Z70976E15943F232A78222F2                                         PGTFORNB29102012900000454                                                                                                                               00        
0330002300043J00034193549900000808151123686965662938000052000EATON LTDA                    2710201200000000008081500000000000000000000000000000029102012000000000080815000000000000000161                 900000455           09      00        
0330002300044Z70976E1F979D1D9BAFFEF63                                         PGTFORNB29102012900000455                                                                                                                               00        
0330002300045J00000199550100000259900000001572502000001636617SHARK TRATORES E PECAS LTDA   2910201200000000002599000000000000000000000000000000029102012000000000025990000000000000000214                 900000504           09      00        
0330002300046Z70976E1610E5BC453A9A03A                                         PGTFORNB29102012900000504                                                                                                                               00        
0330002300047J00039991550100000109221760837739504540079149001BANCO SOFISA SA               2910201200000000001092200000000000000000000000000000029102012000000000010922000000000000000215                 900000505           09      00        
0330002300048Z70976E10D521F78FCADECF4                                         PGTFORNB29102012900000505                                                                                                                               00        
0330002300049J00039993550100000124401760837738704540079149001BANCO SOFISA SA               2910201200000000001244000000000000000000000000000000029102012000000000012440000000000000000216                 900000506           09      00        
0330002300050Z70976E13424F00E93366C8E                                         PGTFORNB29102012900000506                                                                                                                               00        
0330002300051J00039997550100000208041760837737904540079149001BANCO SOFISA SA               2910201200000000002080400000000000000000000000000000029102012000000000020804000000000000000217                 900000507           09      00        
0330002300052Z70976E116A611DF437965FB                                         PGTFORNB29102012900000507                                                                                                                               00        
0330002300053J00039991550100000357201761298483204540079149001BANCO SOFISA SA               2910201200000000003572000000000000000000000000000000029102012000000000035720000000000000000218                 900000508           09      00        
0330002300054Z70976E177B96BBBD4032E8B                                         PGTFORNB29102012900000508                                                                                                                               00        
0330002300055J00039991550100000046191761298482404540079149001BANCO SOFISA SA               2910201200000000000461900000000000000000000000000000029102012000000000004619000000000000000219                 900000509           09      00        
0330002300056Z70976E126A53B0054416253                                         PGTFORNB29102012900000509                                                                                                                               00        
0330002300057J00023796550100000493370119060000000894600682000CORCERAMA COMERCIO DE AUTO PEC2910201200000000004933700000000000000000000000000000029102012000000000049337000000000000000220                 900000510           09      00        
0330002300058Z70976E1CA34447255C59FAD                                         PGTFORNB29102012900000510                                                                                                                               00        
0330002300059J00023793550100002130272500090256565537200000340ODAPEL DISTRIBUIDORA DE AUTO P2910201200000000021302700000000000000000000000000000029102012000000000213027000000000000000221                 900000511           09      00        
0330002300060Z70976E12E72FB4E38C6FA76                                         PGTFORNB29102012900000511                                                                                                                               00        
0330002300061J00023797550100000957442500090256565533700000340ODAPEL DISTRIBUIDORA DE AUTO P2910201200000000009574400000000000000000000000000000029102012000000000095744000000000000000222                 900000512           09      00        
0330002300062Z70976E1D94F3464D7EFFE07                                         PGTFORNB29102012900000512                                                                                                                               00        
0330002300063J00023791550100000293193395061180232789200028140ROCHESTER DISTRIBUIDORA DE AUT2910201200000000002931900000000000000000000000000000029102012000000000029319000000000000000223                 900000513           09      00        
0330002300064Z70976E120CF231327B6CB99                                         PGTFORNB29102012900000513                                                                                                                               00        
0330002300065J00023797550100005076950284281321210546200742060IND DEL RECAMBIO DO BRASIL LTD2910201200000000050769500000000000000000000000000000029102012000000000507695000000000000000224                 900000514           09      00        
0330002300066Z70976E18744A13706DDDDAD                                         PGTFORNB29102012900000514                                                                                                                               00        
0330002300067J00034192550100000342111125077156242938025125000MAHLE METAL LEVE SA           2910201200000000003421100000000000000000000000000000029102012000000000034211000000000000000225                 900000515           09      00        
0330002300068Z70976E1A8D2D309FD5A189E                                         PGTFORNB29102012900000515                                                                                                                               00        
0330002300069J00034196549900000306391750000076498949044674000CENTRO AUTOMOTIVO ITUZAO LTDA 2710201200000000003063900000000000000000000000000000029102012000000000030639000000000000000226                 900000516           09      00        
0330002300070Z70976E196CFB6E3AB04D951                                         PGTFORNB29102012900000516                                                                                                                               00        
0330002300071J00034195550100000102091122632762092938000052000EATON LTDA                    2910201200000000001020900000000000000000000000000000029102012000000000010209000000000000000194                 900000487           09      00        
0330002300072Z70976E18D1FD1C101AECA18                                         PGTFORNB29102012900000487                                                                                                                               00        
0330002300073J00034193550100000049721122632762902938000052000EATON LTDA                    2910201200000000000497200000000000000000000000000000029102012000000000004972000000000000000195                 900000488           09      00        
0330002300074Z70976E16789785C5EA3D150                                         PGTFORNB29102012900000488                                                                                                                               00        
0330002300075J00034193550100001323541124715670922938017569000FRAS-LE S/A                   2910201200000000013235400000000000000000000000000000029102012000000000132354000000000000000196                 900000489           09      00        
0330002300076Z70976E12C26D9F2E8A15B50                                         PGTFORNB29102012900000489                                                                                                                               00        
0330002300077J00034195549900001245661561521973386906089823000MULTIGEAR SERV USIN LTDA EPP  2710201200000000012456600000000000000000000000000000029102012000000000124566000000000000000167                 900000460           09      00        
0330002300078Z70976E1F329B5C3BED13E00                                         PGTFORNB29102012900000460                                                                                                                               00        
0330002300079J00034194549900000440031090012395081446624742000PACCINI  CIA LTDA             2710201200000000004400300000000000000000000000000000029102012000000000044003000000000000000168                 900000461           09      00        
0330002300080Z70976E187AFA6D758AD8C59                                         PGTFORNB29102012900000461                                                                                                                               00        
0330002300081J00000198549900000623160000002226112441549847311POWER STOP IND E COMERCIO DE C2710201200000000006231600000000000000000000000000000029102012000000000062316000000000000000169                 900000462           09      00        
0330002300082Z70976E1487ED56F030CF7B9                                         PGTFORNB29102012900000462                                                                                                                               00        
0330002300083J00023791549900000913423395061180232784400028140ROCHESTER DISTR DE AUTO PECAS 2710201200000000009134200000000000000000000000000000029102012000000000091342000000000000000170                 900000463           09      00        
0330002300084Z70976E117CF32C91486A82C                                         PGTFORNB29102012900000463                                                                                                                               00        
0330002300085J00034194550000000487711122587624292938000052000EATON LTDA                    2810201200000000004877100000000000000000000000000000029102012000000000048771000000000000000171                 900000464           09      00        
0330002300086Z70976E14854141F61A63DB8                                         PGTFORNB29102012900000464                                                                                                                               00        
0330002300087J00034199550000000088971122587623382938000052000EATON LTDA                    2810201200000000000889700000000000000000000000000000029102012000000000008897000000000000000172                 900000465           09      00        
0330002300088Z70976E1F4002997A19C6CA8                                         PGTFORNB29102012900000465                                                                                                                               00        
0330002300089J00034191550000000207091122587624372938000052000EATON LTDA                    2810201200000000002070900000000000000000000000000000029102012000000000020709000000000000000173                 900000466           09      00        
0330002300090Z70976E136EFBEA6E66DFBAB                                         PGTFORNB29102012900000466                                                                                                                               00        
0330002300091J00034191550000000248051122587623462938000052000EATON LTDA                    2810201200000000002480500000000000000000000000000000029102012000000000024805000000000000000174                 900000467           09      00        
0330002300092Z70976E1219CB266E89A4BA7                                         PGTFORNB29102012900000467                                                                                                                               00        
0330002300093J00034197550000000036391124639328172938000052000EATON LTDA                    2810201200000000000363900000000000000000000000000000029102012000000000003639000000000000000175                 900000468           09      00        
0330002300094Z70976E1D77FDDD941708355                                         PGTFORNB29102012900000468                                                                                                                               00        
0330002300095J00034194550000000198281124639322542938000052000EATON LTDA                    2810201200000000001982800000000000000000000000000000029102012000000000019828000000000000000176                 900000469           09      00        
0330002300096Z70976E14033D8FD4E947D69                                         PGTFORNB29102012900000469                                                                                                                               00        
0330002300097J00034191550000002627621124639330392938000052000EATON LTDA                    2810201200000000026276200000000000000000000000000000029102012000000000262762000000000000000177                 900000470           09      00        
0330002300098Z70976E1E9D5001EFA790121                                         PGTFORNB29102012900000470                                                                                                                               00        
0330002300099J00000195550000000538700000001241264439476704111INCOPARTS IND E COM DE PECAS L2810201200000000005387000000000000000000000000000000029102012000000000053870000000000000000178                 900000471           09      00        
0330002300100Z70976E1250549BD80FFEC67                                         PGTFORNB29102012900000471                                                                                                                               00        
0330002300101J00034191550000000365591123941272890017301896000LUKSNOVA S/A IND E COM        2810201200000000003655900000000000190300000000000000029102012000000000034656000000000000000179                 900000472           09      00        
0330002300102Z70976E139529ABC4B0AF5C9                                         PGTFORNB29102012900000472                                                                                                                               00        
0330002300103J00034199550000000851081124470530378351016152000MANDO MACHINERY LTDA          2810201200000000008510800000000000000000000000000000029102012000000000085108000000000000000180                 900000473           09      00        
0330002300104Z70976E1A7369306AAF82167                                         PGTFORNB29102012900000473                                                                                                                               00        
0330002300105J00023791550000000478022500090256565472200000340ODAPEL DISTR DE AUTO PECAS LTD2810201200000000004780200000000000000000000000000000029102012000000000047802000000000000000181                 900000474           09      00        
0330002300106Z70976E1A9760E3ADF64B608                                         PGTFORNB29102012900000474                                                                                                                               00        
0330002300107J00023794550000000122002857091322720686800000320RIO PARDO COMERCIAL E DISTRIBU2810201200000000001220000000000000000000000000000000029102012000000000012200000000000000000182                 900000475           09      00        
0330002300108Z70976E19A2FBF5C0E8F7C7F                                         PGTFORNB29102012900000475                                                                                                                               00        
0330002300109J00023796550100000128582002061201363336100829680COMERCIAL AUTOMOTIVA S/A      2910201200000000001285800000000000000000000000000000029102012000000000012858000000000000000183                 900000476           09      00        
0330002300110Z70976E19E9255D98EC92D66                                         PGTFORNB29102012900000476                                                                                                                               00        
0330002300111J00034191550000000030001124488951050076000777000CENTER PECAS FABBRI LTDA      2810201200000000000300000000000000000000000000000000029102012000000000003000000000000000000184                 900000477           09      00        
0330002300112Z70976E1884BD6E0C2E36522                                         PGTFORNB29102012900000477                                                                                                                               00        
0330002300113J00034197550000000757501124566544850076000777000CENTER PECAS FABBRI LTDA      2810201200000000007575000000000000000000000000000000029102012000000000075750000000000000000185                 900000478           09      00        
0330002300114Z70976E1D92B49293B0CB7F5                                         PGTFORNB29102012900000478                                                                                                                               00        
0330002300115J00023791550100000259243262090000027598000935470COMDIP COMERCIAL DISTR DE PECA2910201200000000002592400000000000000000000000000000029102012000000000025924000000000000000186                 900000479           09      00        
0330002300116Z70976E1AF8EE3D4573D3A61                                         PGTFORNB29102012900000479                                                                                                                               00        
0330002300117J00000193550100000603904584341650200370004790718DB DISTRIBUIDORA DE BATERIA LT2910201200000000006039000000000000000000000000000000029102012000000000060390000000000000000187                 900000480           09      00        
0330002300118Z70976E16A5689176C5F5B39                                         PGTFORNB29102012900000480                                                                                                                               00        
0330002300119J00000197550100001142834584341650600370004790718DB DISTRIBUIDORA DE BATERIAS L2910201200000000011428300000000000000000000000000000029102012000000000114283000000000000000188                 900000481           09      00        
0330002300120Z70976E1CFFB20BE4A2C4EAA                                         PGTFORNB29102012900000481                                                                                                                               00        
0330002300121J00000197550100003172454584341650300370004790718DB DISTRIBUIDORA DE BATERIAS L2910201200000000031724500000000000000000000000000000029102012000000000317245000000000000000189                 900000482           09      00        
0330002300122Z70976E14674B382D4347535                                         PGTFORNB29102012900000482                                                                                                                               00        
0330002300123J00034198549900001082901124092089592938000052000EATON LTDA                    2710201200000000010829000000000000000000000000000000029102012000000000108290000000000000000162                 900000456           09      00        
0330002300124Z70976E180682F5A3AEA4AE9                                         PGTFORNB29102012900000456                                                                                                                               00        
0330002300125J00034192549900003853111124565551202938000052000EATON LTDA                    2710201200000000038531100000000000000000000000000000029102012000000000385311000000000000000163                 900000457           09      00        
0330002300126Z70976E1BEA17787321F1A93                                         PGTFORNB29102012900000457                                                                                                                               00        
0330002300127J00034195549900000721931124092089182938000052000EATON LTDA                    2710201200000000007219300000000000000000000000000000029102012000000000072193000000000000000164                 900000458           09      00        
0330002300128Z70976E104166D83B3A2ADCE                                         PGTFORNB29102012900000458                                                                                                                               00        
0330002300129J00023791549900000405973394090000010404000324600MORELATE DISTRIBUIDORA DE AUTO2710201200000000004059700000000000000000000000000000029102012000000000040597000000000000000166                 900000459           09      00        
0330002300130Z70976E1F850A11B8BA88977                                         PGTFORNB29102012900000459                                                                                                                               00        
0330002300131J00034198550100009300001124702304118495258256000SEGVEL COMERCIAL LTDA         2910201200000000093000000000000000000000000000000000029102012000000000930000000000000000000213                 900000503           09      00        
0330002300132Z70976E1C5D8F8B2798A8A20                                         PGTFORNB29102012900000503                                                                                                                               00        
03300025         000134000000000007330990000000000000000000311029                                                                                                                                                                               
03399999         000002000146000000                                                                                                                                                                                                             
