03300000         2054375370001370033006500490028050300065 0000480000414 AUTO GERAL DE ITU LTDA        SANTANDER                               22111201202230200005306000000                                                                     
03300011C2030030 2054375370001370033006500490028050300065 0000480000414 AUTO GERAL DE ITU LTDA                                                                              00000                                   00000000                    
0330001300001J00003394552300000370009421259200000000371680101GUMP MOTORS COMP AUTOM LTDA   2011201200000000003700000000000000000000000000000000021112012000000000037000000000000000000940                 900001224           09      00        
0330001300002Z70976E152C5778F8FCBD19D                                         PGTFORNB21112012900001224                                                                                                                               00        
0330001300003J00035695552400000549460689070323420000004889672DISTRIBUIDORA ATOMOTIVA S.A   2111201200000000005494600000000000000000000000000000021112012000000000054946000000000000000966                 900001258           09      00        
0330001300004Z70976E102589D7C51363CC9                                         PGTFORNB21112012900001258                                                                                                                               00        
0330001300005J00003391552400000429249513931700000103328470101DISTRIBUIDORA ATOMOTIVA S.A   2111201200000000004292400000000000000000000000000000021112012000000000042924000000000000000961                 900001225           09      00        
0330001300006Z70976E1C7394C95F5DD421B                                         PGTFORNB21112012900001225                                                                                                                               00        
0330001300007J00003396552400000952149513931700000103328630101DISTRIBUIDORA ATOMOTIVA S.A   2111201200000000009521400000000000000000000000000000021112012000000000095214000000000000000962                 900001226           09      00        
0330001300008Z70976E1FACC18020F8CCB4D                                         PGTFORNB21112012900001226                                                                                                                               00        
0330001300009J00035691552400001313800689070323410000005742392DISTRIBUIDORA ATOMOTIVA S.A   2111201200000000013138000000000000000000000000000000021112012000000000131380000000000000000964                 900001256           09      00        
0330001300010Z70976E145F87C7408D50898                                         PGTFORNB21112012900001256                                                                                                                               00        
0330001300011J00035691552400000401400689070323430000005742382DISTRIBUIDORA ATOMOTIVA S.A   2111201200000000004014000000000000000000000000000000021112012000000000040140000000000000000965                 900001257           09      00        
0330001300012Z70976E1AAA893E9A09D17FD                                         PGTFORNB21112012900001257                                                                                                                               00        
0330001300013J00035695552400000195970689070323440000004889696DISTRIBUIDORA ATOMOTIVA S.A   2111201200000000001959700000000000000000000000000000021112012000000000019597000000000000000967                 900001259           09      00        
0330001300014Z70976E149CA21B895CFD61A                                         PGTFORNB21112012900001259                                                                                                                               00        
0330001300015J00035698552400000213940689070323420000004889953DISTRIBUIDORA ATOMOTIVA S.A   2111201200000000002139400000000000000000000000000000021112012000000000021394000000000000000968                 900001260           09      00        
0330001300016Z70976E15A0311C87366808A                                         PGTFORNB21112012900001260                                                                                                                               00        
0330001300017J00035694552400001009240689070323480000004889981DISTRIBUIDORA ATOMOTIVA S.A   2111201200000000010092400000000000000000000000000000021112012000000000100924000000000000000969                 900001261           09      00        
0330001300018Z70976E10B7950C4A129BD33                                         PGTFORNB21112012900001261                                                                                                                               00        
0330001300019J00035697552400000234200689070323480000004890104DISTRIBUIDORA ATOMOTIVA S.A   2111201200000000002342000000000000000000000000000000021112012000000000023420000000000000000970                 900001262           09      00        
0330001300020Z70976E17D71813D9487805B                                         PGTFORNB21112012900001262                                                                                                                               00        
0330001300021J00035699552400001799900689070323410000005553906DISTRIBUIDORA ATOMOTIVA S.A   2111201200000000017999000000000000000000000000000000021112012000000000179990000000000000000971                 900001263           09      00        
0330001300022Z70976E12663257F85DABA2C                                         PGTFORNB21112012900001263                                                                                                                               00        
0330001300023J00035694552400000319650689070323490000004889857DISTRIBUIDORA ATOMOTIVA S.A   2111201200000000003196500000000000000000000000000000021112012000000000031965000000000000000972                 900001264           09      00        
0330001300024Z70976E1EF27920EB409B22F                                         PGTFORNB21112012900001264                                                                                                                               00        
0330001300025J00003391552400001017109513931700000103330020101DISTRIBUIDORA ATOMOTIVA S.A   2111201200000000010171000000000000000000000000000000021112012000000000101710000000000000000963                 900001227           09      00        
0330001300026Z70976E175CD22337FCEEC5A                                         PGTFORNB21112012900001227                                                                                                                               00        
0330001300027J00003398552400000276549512606100000031072720101SERRAF DISTR DE PECAS PARA MOT2111201200000000002765400000000000000000000000000000021112012000000000027654000000000000000998                 900001228           09      00        
0330001300028Z70976E18281ABEC8C890479                                         PGTFORNB21112012900001228                                                                                                                               00        
0330001300029J00035691552400000133020689070323480000004889890DISTRIBUIDORA ATOMOTIVA S.A   2111201200000000001330200000000000000000000000000000021112012000000000013302000000000000000973                 900001265           09      00        
0330001300030Z70976E14C9F2B7B8E31BFC0                                         PGTFORNB21112012900001265                                                                                                                               00        
0330001300031J00035691552400000178180689070323410000004889954DISTRIBUIDORA ATOMOTIVA S.A   2111201200000000001781800000000000000000000000000000021112012000000000017818000000000000000974                 900001266           09      00        
0330001300032Z70976E1DEAC45EDD04BF900                                         PGTFORNB21112012900001266                                                                                                                               00        
0330001300033J00035696552400000119980689070323490000004890038DISTRIBUIDORA ATOMOTIVA S.A   2111201200000000001199800000000000000000000000000000021112012000000000011998000000000000000975                 900001267           09      00        
0330001300034Z70976E1C6EC3E6A85462E83                                         PGTFORNB21112012900001267                                                                                                                               00        
03300015         000036000000000000951376000000000000000000301121                                                                                                                                                                               
03300021C2031030 2054375370001370033006500490028050300065 0000480000414 AUTO GERAL DE ITU LTDA                                                                              00000                                   00000000                    
0330002300001J00023798552400000272950138092284000003701370000BBL SISTEMAS OPERACIONAIS LTDA2111201200000000002729500000000000000000000000000000021112012000000000027295000000000000000976                 900001268           09      00        
0330002300002Z70976E113FE2AA621A65741                                         PGTFORNB21112012900001268                                                                                                                               00        
0330002300003J00023791552300000232933392090050003745900001210SIDERURGICA J.L. ALIPERTI S/A 2011201200000000002329300000000000000000000000000000021112012000000000023293000000000000000953                 900001248           09      00        
0330002300004Z70976E1F92031EDF0762657                                         PGTFORNB21112012900001248                                                                                                                               00        
0330002300005J00000191552300005836740000001291892000004308117VESPOR AUTOMOTIVE DIST DE AUTO2011201200000000058367400000000000000000000000000000021112012000000000583674000000000000000954                 900001249           09      00        
0330002300006Z70976E1A11776055895CA34                                         PGTFORNB21112012900001249                                                                                                                               00        
0330002300007J00000197552300001772300000001291892000004306417VESPOR AUTOMOTIVE DIST DE AUTO2011201200000000017723000000000000000000000000000000021112012000000000177230000000000000000955                 900001250           09      00        
0330002300008Z70976E12E92106105DA6B97                                         PGTFORNB21112012900001250                                                                                                                               00        
0330002300009J00023791552400001062452002061201368930100829680COMERCIAL AUTOMOTIVA S.A      2111201200000000010624500000000000000000000000000000021112012000000000106245000000000000000956                 900001251           09      00        
0330002300010Z70976E1F50AAD015E8F5B06                                         PGTFORNB21112012900001251                                                                                                                               00        
0330002300011J00023797552300000379543392022293000010101078260MF CAMBUCI DISTR DE AUTOPECAS 2011201200000000003795400000000000000000000000000000021112012000000000037954000000000000000933                 900001229           09      00        
0330002300012Z70976E171E56F857A90DE58                                         PGTFORNB21112012900001229                                                                                                                               00        
0330002300013J00023796552300000485653389092312000007400120490CHG AUTOMOTIVA LTDA           2011201200000000004856500000000000000000000000000000021112012000000000048565000000000000000934                 900001230           09      00        
0330002300014Z70976E116D22A8074C2BCB6                                         PGTFORNB21112012900001230                                                                                                                               00        
0330002300015J00034191552300008812791124512992522938036635000DAYCO POWER TRANSMISSION      2011201200000000088127900000000054976200000000000000021112012000000000331517000000000000000935                 900001231           09      00        
0330002300016Z70976E15F1529AFD369DE0A                                         PGTFORNB21112012900001231                                                                                                                               00        
0330002300017J00023797552300000253870138092276000003501453000OBB CONSULTORIA E PARTICIPACOE2011201200000000002538700000000000000000000000000000021112012000000000025387000000000000000936                 900001232           09      00        
0330002300018Z70976E13857A111AC2567B5                                         PGTFORNB21112012900001232                                                                                                                               00        
0330002300019J00034195552300000142871125319002262938000052000EATON  LTDA                   2011201200000000001428700000000000000000000000000000021112012000000000014287000000000000000937                 900001233           09      00        
0330002300020Z70976E1D0ECA6738A898BF0                                         PGTFORNB21112012900001233                                                                                                                               00        
0330002300021J00034195552300000270691125116034280046365078000FELICIO VIGORITO FILHOS LTDA  2011201200000000002706900000000000000000000000000000021112012000000000027069000000000000000938                 900001234           09      00        
0330002300022Z70976E15080829070CC50B8                                         PGTFORNB21112012900001234                                                                                                                               00        
0330002300023J00000191552400000390001839690506518490001531417ENGRECAMP DISTR DE ENGRENAGENS2111201200000000003900000000000000000000000000000000021112012000000000039000000000000000000977                 900001269           09      00        
0330002300024Z70976E1FEBE5A62FFB1D1B3                                         PGTFORNB21112012900001269                                                                                                                               00        
0330002300025J00039999552400000353121763494286604570524809001F CONFURTO IND COM PCS E ACESS2111201200000000003531200000000000000000000000000000021112012000000000035312000000000000000978                 900001270           09      00        
0330002300026Z70976E19EFCE6CFF4DEE92B                                         PGTFORNB21112012900001270                                                                                                                               00        
0330002300027J00000194552400007407670442085500734280000630911JOFUND S/A                    2111201200000000074076700000000000000000000000000000021112012000000000740767000000000000000979                 900001271           09      00        
0330002300028Z70976E1CE760B1B6AD55CE5                                         PGTFORNB21112012900001271                                                                                                                               00        
0330002300029J00000195552400003139840442190064133330001000111KOGA KOGA CIA LTDA            2111201200000000031398400000000000000000000000000000021112012000000000313984000000000000000980                 900001272           09      00        
0330002300030Z70976E1FB4408C0ADCFD586                                         PGTFORNB21112012900001272                                                                                                                               00        
0330002300031J00000198552400000858920442190063933330001000111KOGA KOGA CIA LTDA            2111201200000000008589200000000000000000000000000000021112012000000000085892000000000000000981                 900001273           09      00        
0330002300032Z70976E1823F65ADE03C8701                                         PGTFORNB21112012900001273                                                                                                                               00        
0330002300033J00000194552400000874540441975866933200001050131LUPORINI DISTR DE AUTOPECAS LT2111201200000000008745400000000000000000000000000000021112012000000000087454000000000000000982                 900001274           09      00        
0330002300034Z70976E119C37294150A53EB                                         PGTFORNB21112012900001274                                                                                                                               00        
0330002300035J00034195552400000117801090000223000787578954000MARCELO DA SILVA VALVULAS E PI2111201200000000001178000000000000000000000000000000021112012000000000011780000000000000000983                 900001275           09      00        
0330002300036Z70976E116851A3EA753861A                                         PGTFORNB21112012900001275                                                                                                                               00        
0330002300037J00039991552400000875928144665280004540096965001PELLEGRINO DIST DE AUTOPECAS L2111201200000000008759200000000000000000000000000000021112012000000000087592000000000000000984                 900001276           09      00        
0330002300038Z70976E1FE5888C113745D00                                         PGTFORNB21112012900001276                                                                                                                               00        
0330002300039J00034199552300000181951090304032250109276204000GIRANDO COMERCIO DE PECAS LTDA2011201200000000001819500000000000000000000000000000021112012000000000018195000000000000000939                 900001235           09      00        
0330002300040Z70976E192D156AD5054D0C2                                         PGTFORNB21112012900001235                                                                                                                               00        
0330002300041J00000191552300016244590441569140934120000204711INSTALADORA SAO MARCOS LTDA   2011201200000000162445900000000000000000000000000000021112012000000001624459000000000000000941                 900001236           09      00        
0330002300042Z70976E10A23BEF2936BAA18                                         PGTFORNB21112012900001236                                                                                                                               00        
0330002300043J00000193552300004722260442085501034280000630911JOFUND S/A                    2011201200000000047222600000000000000000000000000000021112012000000000472226000000000000000942                 900001237           09      00        
0330002300044Z70976E1DDE6611F772B6994                                         PGTFORNB21112012900001237                                                                                                                               00        
0330002300045J00034194552300000296331123337997438351016152000MANDO MACHINERY LTDA          2011201200000000002963300000000000000000000000000000021112012000000000029633000000000000000943                 900001238           09      00        
0330002300046Z70976E1479C855210C42E85                                         PGTFORNB21112012900001238                                                                                                                               00        
0330002300047J00034191552300000749301124294085558351016152000MANDO MACHINERY LTDA          2011201200000000007493000000000000000000000000000000021112012000000000074930000000000000000944                 900001239           09      00        
0330002300048Z70976E1363CA22C1156815A                                         PGTFORNB21112012900001239                                                                                                                               00        
0330002300049J00023795552300003085393114091293817705201763000BANCO SAFRA S/A               2011201200000000030853900000000000000000000000000000021112012000000000308539000000000000000945                 900001240           09      00        
0330002300050Z70976E15C1B8DAA240CEB3A                                         PGTFORNB21112012900001240                                                                                                                               00        
0330002300051J00023799552300005891063398022306000001901220000MASAFLEX IND E COM LTDA       2011201200000000058910600000000000000000000000000000021112012000000000589106000000000000000946                 900001241           09      00        
0330002300052Z70976E11C522603F0A635B7                                         PGTFORNB21112012900001241                                                                                                                               00        
0330002300053J00039991552300000246288144665209504540096965001PELLEGRINO COM DISTR DE AUTOPE2011201200000000002462800000000000000000000000000000021112012000000000024628000000000000000947                 900001242           09      00        
0330002300054Z70976E1C9E160D742BE1F93                                         PGTFORNB21112012900001242                                                                                                                               00        
0330002300055J00039991552300000580838144665210904540096965001PELLEGRINO DISTR DE AUTOPECAS 2011201200000000005808300000000000000000000000000000021112012000000000058083000000000000000948                 900001243           09      00        
0330002300056Z70976E1C4127CFA7FB0B622                                         PGTFORNB21112012900001243                                                                                                                               00        
0330002300057J00034193552300002846331125685808180191074004000POLIPECAS COML E IMP LTDA     2011201200000000028463300000000001992400000000000000021112012000000000264709000000000000000949                 900001244           09      00        
0330002300058Z70976E1D7A358493F9859B9                                         PGTFORNB21112012900001244                                                                                                                               00        
0330002300059J00000192552300000363450000002096856000002162917PRV COM DE PECAS LTDA         2011201200000000003634500000000000000000000000000000021112012000000000036345000000000000000950                 900001245           09      00        
0330002300060Z70976E13F11936597AFAFEE                                         PGTFORNB21112012900001245                                                                                                                               00        
0330002300061J00039999552300003002432053159192605313093513001REAL MOTO PECAS LTDA          2011201200000000030024300000000000000000000000000000021112012000000000300243000000000000000951                 900001246           09      00        
0330002300062Z70976E1BD738893F18CFB06                                         PGTFORNB21112012900001246                                                                                                                               00        
0330002300063J00039997552300000311182053163381505313093513001REAL MOTO PECAS LTDA          2011201200000000003111800000000000000000000000000000021112012000000000031118000000000000000952                 900001247           09      00        
0330002300064Z70976E100B75DC7F79FD749                                         PGTFORNB21112012900001247                                                                                                                               00        
0330002300065J00023791552400001019392002061201368957100829680COMERCIAL AUTOMOTIVA S.A      2111201200000000010193900000000000000000000000000000021112012000000000101939000000000000000957                 900001252           09      00        
0330002300066Z70976E1A15467CBB7DEBB5E                                         PGTFORNB21112012900001252                                                                                                                               00        
0330002300067J00034194552400000944001125411423140076000777000CENTER PECAS FABBRI LTDA      2111201200000000009440000000000000000000000000000000021112012000000000094400000000000000000958                 900001253           09      00        
0330002300068Z70976E117C3B1B630F6BC93                                         PGTFORNB21112012900001253                                                                                                                               00        
0330002300069J00034191552400001014001125151470591446672998000COML FIX IMPL RODOVIARIOS LTDA2111201200000000010140000000000000000000000000000000021112012000000000101400000000000000000959                 900001254           09      00        
0330002300070Z70976E1BE3F563E41BBC77C                                         PGTFORNB21112012900001254                                                                                                                               00        
0330002300071J00000196552400000433860000001011760000003749618COMPEL DISTR E COM DE AUTO PEC2111201200000000004338600000000000000000000000000000021112012000000000043386000000000000000960                 900001255           09      00        
0330002300072Z70976E15288BBBEFACD506E                                         PGTFORNB21112012900001255                                                                                                                               00        
0330002300073J00039999552400000246248144665290704540096965001PELLEGRINO DIST DE AUTOPECAS L2111201200000000002462400000000000000000000000000000021112012000000000024624000000000000000985                 900001277           09      00        
0330002300074Z70976E1035505319BC88BDF                                         PGTFORNB21112012900001277                                                                                                                               00        
0330002300075J00039991552400000278462696543120804540096965001PELLEGRINO DIST DE AUTOPECAS L2111201200000000002784600000000000000000000000000000021112012000000000027846000000000000000986                 900001278           09      00        
0330002300076Z70976E14CE483CA741984B0                                         PGTFORNB21112012900001278                                                                                                                               00        
0330002300077J00039994552400000231402696543132104540096965001PELLEGRINO DIST DE AUTOPECAS L2111201200000000002314000000000000000000000000000000021112012000000000023140000000000000000987                 900001279           09      00        
0330002300078Z70976E10EB1C3D6181FC1E5                                         PGTFORNB21112012900001279                                                                                                                               00        
0330002300079J00000193552400000976370000001597457122102146217PETROBRAS DISTRIBUIDORA       2111201200000000009763700000000000000000000000000000021112012000000000097637000000000000000988                 900001280           09      00        
0330002300080Z70976E1F6573D02A8CECD4B                                         PGTFORNB21112012900001280                                                                                                                               00        
0330002300081J00000196552400004251740000001597457122102145617PETROBRAS DISTRIBUIDORA       2111201200000000042517400000000000000000000000000000021112012000000000425174000000000000000989                 900001281           09      00        
0330002300082Z70976E1FBB63AD936299F2D                                         PGTFORNB21112012900001281                                                                                                                               00        
0330002300083J00000199552400008259620000001597457122102145917PETROBRAS DISTRIBUIDORA       2111201200000000082596200000000000000000000000000000021112012000000000825962000000000000000990                 900001282           09      00        
0330002300084Z70976E14A97EBCF3B581026                                         PGTFORNB21112012900001282                                                                                                                               00        
0330002300085J00000193552400001313030000001597457122102145317PETROBRAS DISTRIBUIDORA       2111201200000000013130300000000000000000000000000000021112012000000000131303000000000000000991                 900001283           09      00        
0330002300086Z70976E1EDEB0C9457DC133D                                         PGTFORNB21112012900001283                                                                                                                               00        
0330002300087J00000198552400000269460000001597457122102146517PETROBRAS DISTRIBUIDORA       2111201200000000002694600000000000000000000000000000021112012000000000026946000000000000000992                 900001284           09      00        
0330002300088Z70976E1E5658616A1D05A43                                         PGTFORNB21112012900001284                                                                                                                               00        
0330002300089J00023794552400000230013484092293000013101129000PETRONAS LUBRIFICANTES BRASIL 2111201200000000002300100000000000000000000000000000021112012000000000023001000000000000000993                 900001285           09      00        
0330002300090Z70976E1A7637901B0EFAD82                                         PGTFORNB21112012900001285                                                                                                                               00        
0330002300091J00034192552400000371001125156759010384625000000PECAS AUTOMOTIVAS ZEENE LTDA  2111201200000000003710000000000000000000000000000000021112012000000000037100000000000000000994                 900001286           09      00        
0330002300092Z70976E19C4E1485132CC7D5                                         PGTFORNB21112012900001286                                                                                                                               00        
0330002300093J00023795552400001965623684190000016575200673000POLIPECAS DISTR AUTOMOTIVA LTD2111201200000000019656200000000000000000000000000000021112012000000000196562000000000000000995                 900001287           09      00        
0330002300094Z70976E1C28D1DC36D4B9DC5                                         PGTFORNB21112012900001287                                                                                                                               00        
0330002300095J00039991552400003072742053164677105313093513001REAL MOTO PECAS LTDA          2111201200000000030727400000000000000000000000000000021112012000000000307274000000000000000996                 900001288           09      00        
0330002300096Z70976E12C3963735FD4A0FD                                         PGTFORNB21112012900001288                                                                                                                               00        
0330002300097J00039992552400001391922053175225305313093513001REAL MOTO PECAS LTDA          2111201200000000013919200000000000000000000000000000021112012000000000139192000000000000000997                 900001289           09      00        
0330002300098Z70976E1E314AB516B775A0B                                         PGTFORNB21112012900001289                                                                                                                               00        
0330002300099J00000191552400000080110442009665019140000644711SHARK TRATORES E PECAS LTDA   2111201200000000000801100000000000000000000000000000021112012000000000008011000000000000000999                 900001290           09      00        
0330002300100Z70976E1DA4A6EA3A0745828                                         PGTFORNB21112012900001290                                                                                                                               00        
0330002300101J00000193552400001748160000002175416000002656017SK AUTOMOTIVE S/A DIST AUTOPEC21112012000000000174816000000000000000000000000000000211120120000000001748160000000000000001000                900001291           09      00        
0330002300102Z70976E1DA46ECA24E078604                                         PGTFORNB21112012900001291                                                                                                                               00        
0330002300103J00000199552400000579440000002175416000002655917SK AUTOMOTIVE S/A DIST AUTOPEC21112012000000000057944000000000000000000000000000000211120120000000000579440000000000000001001                900001292           09      00        
0330002300104Z70976E14538AF0DD2EE165B                                         PGTFORNB21112012900001292                                                                                                                               00        
0330002300105J00000195552400000303920000002175416000002658517SK AUTOMOTIVE S/A DIST AUTOPEC21112012000000000030392000000000000000000000000000000211120120000000000303920000000000000001002                900001293           09      00        
0330002300106Z70976E10A7164AA8AA40A92                                         PGTFORNB21112012900001293                                                                                                                               00        
0330002300107J00039999552400001070031763540682804540575219001TRELLEBORG AUTOMOTIVE DO BRASI21112012000000000107003000000000000000000000000000000211120120000000001070030000000000000001003                900001294           09      00        
0330002300108Z70976E1C0D064428CC18994                                         PGTFORNB21112012900001294                                                                                                                               00        
0330002300109J00034191552300001576001570311961120513988758000INST DE PESQUISA SOROCABANO   20112012000000000157600000000000000000000000000000000211120120000000001576000000000000000001004                900001295           09      00        
0330002300110Z70976E195A0702AB3E18F16                                         PGTFORNB21112012900001295                                                                                                                               00        
0330002300111J00000191552300000095000000002219956000063193118SERVTRONICA SEGURANCA ELETRONI20112012000000000009500000000000000000000000000000000211120120000000000095000000000000000001005                900001296           09      00        
0330002300112Z70976E18DF84DE9447EF358                                         PGTFORNB21112012900001296                                                                                                                               00        
0330002300113J00023793552300000003440364060000211953000001400PREFEITURA MUNICIPAL DE PORTO 20112012000000000000344000000000000000000000000000000211120120000000000003440000000000000001006                900001297           09      00        
0330002300114Z70976E12AF55D0A4E524148                                         PGTFORNB21112012900001297                                                                                                                               00        
0330002300115J00023795552300001619213372091123110492500731020MAGGI AUTOMOVEIS LTDA         20112012000000000161921000000000000000000000000000000211120120000000001619210000000000000001007                900001298           09      00        
0330002300116Z70976E1839D704EA60C5BEE                                         PGTFORNB21112012900001298                                                                                                                               00        
0330002300117J00023791552400005563600448051008697926501533990BRADESCO SAUDE S/A            21112012000000000556360000000000000000000000000000000211120120000000005563600000000000000001008                900001299           09      00        
0330002300118Z70976E1B63B427DF6C4DF70                                         PGTFORNB21112012900001299                                                                                                                               00        
0330002300119J00023793552400001932362372196600094834200360080TELEFONICA BRASIL S/A         21112012000000000193236000000000000000000000000000000211120120000000001932360000000000000001009                900001300           09      00        
0330002300120Z70976E116AA45359C901DC3                                         PGTFORNB21112012900001300                                                                                                                               00        
03300025         000122000000000010720524000000000000000000311121                                                                                                                                                                               
03300031C2003031 2054375370001370033006500490028050300065 0000480000414 AUTO GERAL DE ITU LTDA                                                                              00000                                   00000000                    
0330003300001A0007000010154660000002050374 GERAL PARTS COM PECAS E ABRASI1010                21112012BRL000000000000000000000000032690900001222           21112012000000000032690                                        07          000        
0330003300002B   252472438000176                              00000                                                  00000000  211120120000000000326900000000000000000000000000000000000000000000000000000000000000000                00        
0330003300003Z70976E16C680EBC31ACE9D3                                         PGTFORNB21112012900001222                                                                                                                               00        
0330003300004A0007002370339520000000028142 ROCHESTER DISTR DE AUTOPECAS S1011                21112012BRL000000000000000000000000079896900001223           21112012000000000079896                                        07          000        
0330003300005B   261170841000131                              00000                                                  00000000  211120120000000000798960000000000000000000000000000000000000000000000000000000000000000                00        
0330003300006Z70976E1B345C7CA5ABA6737                                         PGTFORNB21112012900001223                                                                                                                               00        
03300035         000008000000000000112586000000000000000000031121                                                                                                                                                                               
03399999         000003000168000000                                                                                                                                                                                                             
