03300000         2054375370001370033006500490028050300065 0000480000414 AUTO GERAL DE ITU LTDA        SANTANDER                               21103201316203500026106000000                                                                     
03300011C2011030 2054375370001370033006500490028050300065 0000480000414 AUTO GERAL DE ITU LTDA                                                                              00000                                   00000000                    
0330001300001O00084690000001600102512013031029500000025301469NET SAO PAULO LTDA - SP       11032013110320130000000000160014779                900005072                                                                               00        
0330001300002Z70976E196F598414E4BDECC                                         PGTFORNB11032013900005072                                                                                                                               00        
03300015         000004000000000000016001000000000000000000110311                                                                                                                                                                               
03300021C2011030 2054375370001370033006500490028050300065 0000480000414 AUTO GERAL DE ITU LTDA                                                                              00000                                   00000000                    
0330002300001O00081620000000050044042013031113030000000101449PM SOROCABA                   11032013110320130000000000005004778                900005073                                                                               00        
0330002300002Z70976E118970F642FFFB89F                                         PGTFORNB11032013900005073                                                                                                                               00        
03300025         000004000000000000000500000000000000000000110311                                                                                                                                                                               
03399999         000002000010000000                                                                                                                                                                                                             
