03300000         2054375370001370033006500490028050300065 0000480000414 AUTO GERAL DE ITU LTDA        SANTANDER                               20301201302175000013506000000                                                                     
03300011C2030030 2054375370001370033006500490028050300065 0000480000414 AUTO GERAL DE ITU LTDA                                                                              00000                                   00000000                    
0330001300001J00035693556700000245720689070323470000004896672DISTRIBUIDORA AUTOMOTIVA S/A  03012013000000000024572000000000000000000000000000000030120130000000000245720000000000000002544                900002831           09      00        
0330001300002Z70976E16EF5830D88B26A02                                         PGTFORNB03012013900002831                                                                                                                               00        
0330001300003J00003399556700000407939474127700000007000370203LUPORINI DISTR DE AUTOPECAS LT03012013000000000040793000000000000000000000000000000030120130000000000407930000000000000002557                900002821           09      00        
0330001300004Z70976E1E488F4C19C49B0FC                                         PGTFORNB03012013900002821                                                                                                                               00        
03300015         000006000000000000065365000000000000000000300103                                                                                                                                                                               
03300021C2031030 2054375370001370033006500490028050300065 0000480000414 AUTO GERAL DE ITU LTDA                                                                              00000                                   00000000                    
0330002300001J00023792556700000846560154092335000001903360050ALPHA SENSORES AUTOMOTIVOS LTD03012013000000000084656000000000000000000000000000000030120130000000000846560000000000000002535                900002822           09      00        
0330002300002Z70976E1F07C2858F3AFE788                                         PGTFORNB03012013900002822                                                                                                                               00        
0330002300003J00000194556700000968000442958899619140000100711CDMD COM DE VEICULOS AUTOMOTOR03012013000000000096800000000000000000000000000000000030120130000000000968000000000000000002538                900002825           09      00        
0330002300004Z70976E1688CE021A5CB19CD                                         PGTFORNB03012013900002825                                                                                                                               00        
0330002300005J00034191556700000028501126648869030076000777000CENTER PECAS FABBRI LTDA      03012013000000000002850000000000000000000000000000000030120130000000000028500000000000000002539                900002826           09      00        
0330002300006Z70976E1468F50DC643CB5B6                                         PGTFORNB03012013900002826                                                                                                                               00        
0330002300007J00034191556700000028501126648868950076000777000CENTER PECAS FABBRI LTDA      03012013000000000002850000000000000000000000000000000030120130000000000028500000000000000002540                900002827           09      00        
0330002300008Z70976E1F60F59DC7F915255                                         PGTFORNB03012013900002827                                                                                                                               00        
0330002300009J00034198556700000063001126746200110076000777000CENTER PECAS FABBRI LTDA      03012013000000000006300000000000000000000000000000000030120130000000000063000000000000000002541                900002828           09      00        
0330002300010Z70976E16E7DE6C8D10BF6C4                                         PGTFORNB03012013900002828                                                                                                                               00        
0330002300011J00039999556700000329523200073842403436080189001COFIPE VEICULOS LTDA          03012013000000000032952000000000000000000000000000000030120130000000000329520000000000000002542                900002829           09      00        
0330002300012Z70976E10413CAE7934FB43A                                         PGTFORNB03012013900002829                                                                                                                               00        
0330002300013J00023791556700004855820119060000000964300682000CORCERAMA COM DE AUTOPECAS LTD03012013000000000485582000000000000000000000000000000030120130000000004855820000000000000002543                900002830           09      00        
0330002300014Z70976E1BCED03403E5E4BD1                                         PGTFORNB03012013900002830                                                                                                                               00        
0330002300015J00023795556700000318660138092341000004201370000BBL SISTEMAS OPERACIONAIS LTDA03012013000000000031866000000000000000000000000000000030120130000000000318660000000000000002545                900002832           09      00        
0330002300016Z70976E1F0F26D6D96635820                                         PGTFORNB03012013900002832                                                                                                                               00        
0330002300017J00023791556700000892623114091295240897001763000BANCO SAFRA S/A               03012013000000000089262000000000000000000000000000000030120130000000000892620000000000000002546                900002833           09      00        
0330002300018Z70976E1D5232BAA80646B26                                         PGTFORNB03012013900002833                                                                                                                               00        
0330002300019J00034199556700000231821126655700352938107808000ELIVEL AUTOMOTORES LTDA       03012013000000000023182000000000000000000000000000000030120130000000000231820000000000000002547                900002834           09      00        
0330002300020Z70976E1347A781EDE7CC27B                                         PGTFORNB03012013900002834                                                                                                                               00        
0330002300021J00034198556700001028071126654054060046365078000FELICIO VIGORITO FILHOS LTDA  03012013000000000102807000000000000000000000000000000030120130000000001028070000000000000002548                900002835           09      00        
0330002300022Z70976E126F2219E4B91696E                                         PGTFORNB03012013900002835                                                                                                                               00        
0330002300023J00034194556700000183351126654063960046365078000FELICIO VIGORITO FILHOS LTDA  03012013000000000018335000000000000000000000000000000030120130000000000183350000000000000002549                900002836           09      00        
0330002300024Z70976E122992C0A7698559F                                         PGTFORNB03012013900002836                                                                                                                               00        
0330002300025J00034191556700004194891126905308482938017569000FRAS-LE S/A                   03012013000000000419489000000000000000000000000000000030120130000000004194890000000000000002550                900002837           09      00        
0330002300026Z70976E1CF5C1E8D5DF3FADC                                         PGTFORNB03012013900002837                                                                                                                               00        
0330002300027J00023791556700000932003114091293598227201763000BANCO SAFRA S/A               03012013000000000093200000000000000000000000000000000030120130000000000932000000000000000002536                900002823           09      00        
0330002300028Z70976E19D76117AAB525E38                                         PGTFORNB03012013900002823                                                                                                                               00        
0330002300029J00000199556700000341571823850539129130010401917CAMPINAS DIESEL LTDA          03012013000000000034157000000000000000000000000000000030120130000000000341570000000000000002537                900002824           09      00        
0330002300030Z70976E1E80C6969FCE809EF                                         PGTFORNB03012013900002824                                                                                                                               00        
0330002300031J00034199556700003963881126905308632938017569000FRAS-LE S/A                   03012013000000000396388000000000000000000000000000000030120130000000003963880000000000000002551                900002838           09      00        
0330002300032Z70976E1D4843F4566E5F7E7                                         PGTFORNB03012013900002838                                                                                                                               00        
0330002300033J00034194556700001806351090304274140109276204000GIRANDO COMERCIO DE PECAS LTDA03012013000000000180635000000000000000000000000000000030120130000000001806350000000000000002552                900002839           09      00        
0330002300034Z70976E1F5E88B54A9E9B144                                         PGTFORNB03012013900002839                                                                                                                               00        
0330002300035J00034195556700000246651090009020382938050420000ITA PECAS PARA VEIC COM E SERV03012013000000000024665000000000000000000000000000000030120130000000000246650000000000000002553                900002840           09      00        
0330002300036Z70976E179ADE3844E80A9F3                                         PGTFORNB03012013900002840                                                                                                                               00        
0330002300037J00000191556700001898170443476594534280000630911JOFUND S/A                    03012013000000000189817000000000000000000000000000000030120130000000001898170000000000000002554                900002841           09      00        
0330002300038Z70976E191BA331CC9162F9B                                         PGTFORNB03012013900002841                                                                                                                               00        
0330002300039J00000199556700001669320443476594834280000630911JOFUND S/A                    03012013000000000166932000000000000000000000000000000030120130000000001669320000000000000002555                900002842           09      00        
0330002300040Z70976E1AAEFE691C6FC91EF                                         PGTFORNB03012013900002842                                                                                                                               00        
0330002300041J00034191556700007654891127032209651446685057000KT COMP AUTOMOTIVOS LTDA      03012013000000000765489000000000000000000000000000000030120130000000007654890000000000000002556                900002843           09      00        
0330002300042Z70976E14C83459BBA2DB5B8                                         PGTFORNB03012013900002843                                                                                                                               00        
0330002300043J00023796556700000300003372094000204504600400020MAGGI LE NOM AUTOMOTORES LTDA 03012013000000000030000000000000000000000000000000000030120130000000000300000000000000000002558                900002844           09      00        
0330002300044Z70976E165DA1C75C0DF135C                                         PGTFORNB03012013900002844                                                                                                                               00        
0330002300045J00034194556700000744991124653154338351016152000MANDO MACHINERY LTDA          03012013000000000074499000000000000000000000000000000030120130000000000744990000000000000002559                900002845           09      00        
0330002300046Z70976E1F36355E8835A5AB0                                         PGTFORNB03012013900002845                                                                                                                               00        
0330002300047J00010494556700006572013144783414399487000000224MSA PRODUTOS AUTOMOTIVOS LTDA 03012013000000000657201000000000000000000000000000000030120130000000006572010000000000000002560                900002846           09      00        
0330002300048Z70976E1B27330162E1A835A                                         PGTFORNB03012013900002846                                                                                                                               00        
0330002300049J00034198000000000000001219833129021012365225000PACAEMBU AUTO PECAS LTDA      03012013000000000044800000000000000000000000000000000030120130000000000448000000000000000002561                900002847           09      00        
0330002300050Z70976E1AB4141A68B1F21D0                                         PGTFORNB03012013900002847                                                                                                                               00        
0330002300051J00034197000000000000001219841876751012365225000PACAEMBU AUTO PECAS LTDA      03012013000000000161000000000000000000000000000000000030120130000000001610000000000000000002562                900002848           09      00        
0330002300052Z70976E1735933E36B4A6AFF                                         PGTFORNB03012013900002848                                                                                                                               00        
0330002300053J00039991556700001234801766376905704540096965001PELLEGRINO DISTRIBUIDORA DE AU03012013000000000123480000000000000000000000000000000030120130000000001234800000000000000002563                900002849           09      00        
0330002300054Z70976E12C0A6F27B8FDE856                                         PGTFORNB03012013900002849                                                                                                                               00        
0330002300055J00039999556700000275566696534425004540096965001PELLEGRINO DISTRIBUIDORA DE AU03012013000000000027556000000000000000000000000000000030120130000000000275560000000000000002564                900002850           09      00        
0330002300056Z70976E17625ED13305C9A08                                         PGTFORNB03012013900002850                                                                                                                               00        
0330002300057J00023798556700000210002857091323390706300000320RIO PARDO COMERCIAL E DISTRIBU03012013000000000021000000000000000000000000000000000030120130000000000210000000000000000002565                900002851           09      00        
0330002300058Z70976E1B140DCAED32C8C9D                                         PGTFORNB03012013900002851                                                                                                                               00        
0330002300059J00034192556700001091801090001683670560239238000SAFISA INDUSTRIAL LTDA        03012013000000000109180000000000000000000000000000000030120130000000001091800000000000000002566                900002852           09      00        
0330002300060Z70976E175B8CED1DC3BD549                                         PGTFORNB03012013900002852                                                                                                                               00        
0330002300061J00000198556700000594000442959157819140030527311SUPER CDMD COMERCIO DE VEICULO03012013000000000059400000000000000000000000000000000030120130000000000594000000000000000002567                900002853           09      00        
0330002300062Z70976E17EBD9707118A5EB0                                         PGTFORNB03012013900002853                                                                                                                               00        
0330002300063J00023791556700002934973178190000018267000421050TUPER DISTRIB. PROD. METALURGI03012013000000000293497000000000000000000000000000000030120130000000002934970000000000000002568                900002854           09      00        
0330002300064Z70976E10C93D78A7F021CAB                                         PGTFORNB03012013900002854                                                                                                                               00        
0330002300065J00000198556700000614460000001653885000003160118MG TELECOMUNICACOES E INFORMAT03012013000000000061446000000000000000000000000000000030120130000000000614460000000000000002569                900002855           09      00        
0330002300066Z70976E14952784925827A80                                         PGTFORNB03012013900002855                                                                                                                               00        
0330002300067J00023796556700001385273372091123520506700731020MAGGI AUTOMOVEIS LTDA         03012013000000000138527000000000000000000000000000000030120130000000001385270000000000000002570                900002856           09      00        
0330002300068Z70976E19BD10FEF8A4BB210                                         PGTFORNB03012013900002856                                                                                                                               00        
0330002300069J00000191556700000159100000001555704202000116717VIRTUAL EXPRESS TRANSPORTES E 03012013000000000015910000000000000000000000000000000030120130000000000159100000000000000002571                900002857           09      00        
0330002300070Z70976E19519B9359350556F                                         PGTFORNB03012013900002857                                                                                                                               00        
03300025         000072000000000005065710000000000000000000310103                                                                                                                                                                               
03300031C2003031 2054375370001370033006500490028050300065 0000480000414 AUTO GERAL DE ITU LTDA                                                                              00000                                   00000000                    
0330003300001A0007002370304060000000002658 POLIPECAS COMERCIAL E IMPORTAD2572                03012013BRL000000000000000000000000202537900002819           03012013000000000202537                                        07          000        
0330003300002B   249295900000100                              00000                                                  00000000  030120130000000002025370000000000000000000000000000000000000000000000000000000000000000                00        
0330003300003Z70976E147B13B1AC2B242C8                                         PGTFORNB03012013900002819                                                                                                                               00        
03300035         000005000000000000202537000000000000000000030103                                                                                                                                                                               
03399999         000003000085000000                                                                                                                                                                                                             
