03300000         2054375370001370033006500490028050300065 0000480000414 AUTO GERAL DE ITU LTDA        SANTANDER                               20504201313384900031106000000                                                                     
03300011C2011030 2054375370001370033006500490028050300065 0000480000414 AUTO GERAL DE ITU LTDA                                                                              00000                                   00000000                    
0330001300001O00085800000059204801791304075550508054375370001FGTS GRF CONVENIO 0179        07042013050420130000000005920485613                900005896                                                                               00        
0330001300002Z70976E13166B677DB7736DA                                         PGTFORNB05042013900005896                                                                                                                               00        
0330001300003O00085840000012878501791304075550508054375370002FGTS GRF CONVENIO 0179        07042013050420130000000001287855614                900005897                                                                               00        
0330001300004Z70976E1D6E373AB894AAD2F                                         PGTFORNB05042013900005897                                                                                                                               00        
0330001300005O00085830000014897101791304075550508054375370003FGTS GRF CONVENIO 0179        07042013050420130000000001489715615                900005898                                                                               00        
0330001300006Z70976E1D050556BC48468DB                                         PGTFORNB05042013900005898                                                                                                                               00        
0330001300007O00085820000008676401791304075550508054375370004FGTS GRF CONVENIO 0179        07042013050420130000000000867645616                900005899                                                                               00        
0330001300008Z70976E13B6F798157FECED6                                         PGTFORNB05042013900005899                                                                                                                               00        
0330001300009O00085830000021285801791304075550508054375370005FGTS GRF CONVENIO 0179        07042013050420130000000002128585617                900005900                                                                               00        
0330001300010Z70976E18DA66251DAFE7849                                         PGTFORNB05042013900005900                                                                                                                               00        
0330001300011O00085800000008863801791304075550508054375370006FGTS GRF CONVENIO 0179        07042013050420130000000000886385618                900005901                                                                               00        
0330001300012Z70976E16CE5658A8C223537                                         PGTFORNB05042013900005901                                                                                                                               00        
03300015         000014000000000001258064000000000000000000110405                                                                                                                                                                               
03399999         000001000016000000                                                                                                                                                                                                             
