03300000         2054375370001370033006500490028050300065 0000480000414 AUTO GERAL DE ITU LTDA        SANTANDER                               20804201303552100031506000000                                                                     
03300011C2030030 2054375370001370033006500490028050300065 0000480000414 AUTO GERAL DE ITU LTDA                                                                              00000                                   00000000                    
0330001300001J00003391566000000490009492147000000000603800104J FREITAS COM IMP E EXP LTDA  06042013000000000049000000000000000000000000000000000080420130000000000490000000000000000005624                900005903           09      00        
0330001300002Z70976E139A16C727E1F945E                                         PGTFORNB08042013900005903                                                                                                                               00        
0330001300003J00035691566200000149230689070323450000003269519DISTRIBUIDORA AUTOMOTIVA S.A. 08042013000000000014923000000000000000000000000000000080420130000000000149230000000000000005673                900005957           09      00        
0330001300004Z70976E1AB35D7E6FFCC67A7                                         PGTFORNB08042013900005957                                                                                                                               00        
0330001300005J00035695566200000226200689070323430000005584958DISTRIBUIDORA AUTOMOTIVA S.A. 08042013000000000022620000000000000000000000000000000080420130000000000226200000000000000005674                900005958           09      00        
0330001300006Z70976E1C4B3733413F95697                                         PGTFORNB08042013900005958                                                                                                                               00        
0330001300007J00035693566200000598800689070323420000003269587DISTRIBUIDORA AUTOMOTIVA S.A. 08042013000000000059880000000000000000000000000000000080420130000000000598800000000000000005675                900005959           09      00        
0330001300008Z70976E14FE4B9E653973355                                         PGTFORNB08042013900005959                                                                                                                               00        
0330001300009J00035694566200000189540689070323470000003262769DISTRIBUIDORA AUTOMOTIVA S.A. 08042013000000000018954000000000000000000000000000000080420130000000000189540000000000000005676                900005960           09      00        
0330001300010Z70976E1DB4734EA43C85E4F                                         PGTFORNB08042013900005960                                                                                                                               00        
0330001300011J00003398566100000417009558893600000000400100104NOVA GERA COMERCIO DE PECAS LT07042013000000000041700000000000000000000000000000000080420130000000000417000000000000000005648                900005904           09      00        
0330001300012Z70976E1B3D610D88B944D23                                         PGTFORNB08042013900005904                                                                                                                               00        
0330001300013J00003393566200001082849421259200000000475970101GUMP MOTORS COMPONENTES AUTOMO08042013000000000108284000000000000000000000000000000080420130000000001082840000000000000005683                900005905           09      00        
0330001300014Z70976E1FEBB2510529083FE                                         PGTFORNB08042013900005905                                                                                                                               00        
03300015         000016000000000000315361000000000000000000300408                                                                                                                                                                               
03300021C2031030 2054375370001370033006500490028050300065 0000480000414 AUTO GERAL DE ITU LTDA                                                                              00000                                   00000000                    
0330002300001J00034197566000001829651128704316686873115130000AMR AUTOPARTS EMP EXP LTDA    06042013000000000182965000000000000000000000000000000080420130000000001829650000000000000005620                900005906           09      00        
0330002300002Z70976E176E8375BC655E71F                                         PGTFORNB08042013900005906                                                                                                                               00        
0330002300003J00034191566000000035451129291956780076000777000CENTER PECAS FABBRI LTDA      06042013000000000003545000000000000000000000000000000080420130000000000035450000000000000005621                900005907           09      00        
0330002300004Z70976E1C34DB507B3517DF4                                         PGTFORNB08042013900005907                                                                                                                               00        
0330002300005J00034194566000000296181126631398090017749003000DOVAC INDUSTRIA E COM LTDA    06042013000000000029618000000000001480000000000000000080420130000000000281380000000000000005622                900005908           09      00        
0330002300006Z70976E1F2A33185DDF9153C                                         PGTFORNB08042013900005908                                                                                                                               00        
0330002300007J00034197566000000323241128285608732938107808000ELIVEL AUTOMOTORES LTDA       06042013000000000032324000000000000000000000000000000080420130000000000323240000000000000005623                900005909           09      00        
0330002300008Z70976E19B47B09EE6C44D0D                                         PGTFORNB08042013900005909                                                                                                                               00        
0330002300009J00023792566200000407760138093049000007201370000BBL SISTEMAS OPERACIONAIS LTDA08042013000000000040776000000000000000000000000000000080420130000000000407760000000000000005677                900005961           09      00        
0330002300010Z70976E1963FF17FEA6A3AB5                                         PGTFORNB08042013900005961                                                                                                                               00        
0330002300011J00023793566200000285470138093057000002401370000BBL SISTEMAS OPERACIONAIS LTDA08042013000000000028547000000000000000000000000000000080420130000000000285470000000000000005678                900005962           09      00        
0330002300012Z70976E1A40195111CAA9C08                                         PGTFORNB08042013900005962                                                                                                                               00        
0330002300013J00023797566200000272600138093063000007101370000BBL SISTEMAS OPERACIONAIS LTDA08042013000000000027260000000000000000000000000000000080420130000000000272600000000000000005679                900005963           09      00        
0330002300014Z70976E1F57C569B4FE68672                                         PGTFORNB08042013900005963                                                                                                                               00        
0330002300015J00023791566000000282063395090000005420200650000SORANA SUL                    06042013000000000028206000000000000000000000000000000080420130000000000282060000000000000005625                900005910           09      00        
0330002300016Z70976E10BBD235BE7772738                                         PGTFORNB08042013900005910                                                                                                                               00        
0330002300017J00034192566200004179431129130847630765234976000GIANCAR DISTR AUTO PECAS LTDA 08042013000000000417943000000000000000000000000000000080420130000000004179430000000000000005680                900005964           09      00        
0330002300018Z70976E1C140168E3EC84B55                                         PGTFORNB08042013900005964                                                                                                                               00        
0330002300019J00034192566200000288231090304745980109276204000GIRANDO COMERCIO DE PECAS LTDA08042013000000000028823000000000000000000000000000000080420130000000000288230000000000000005681                900005965           09      00        
0330002300020Z70976E1F24196743848B97C                                         PGTFORNB08042013900005965                                                                                                                               00        
0330002300021J00034196566200000458711090304749940109276204000GIRANDO COMERCIO DE PECAS LTDA08042013000000000045871000000000000000000000000000000080420130000000000458710000000000000005682                900005966           09      00        
0330002300022Z70976E1F1D3F101F257B0D2                                         PGTFORNB08042013900005966                                                                                                                               00        
0330002300023J00034191566200000356001129133916302938074016000ITAVOX VEICULOS               08042013000000000035600000000000000000000000000000000080420130000000000356000000000000000005684                900005967           09      00        
0330002300024Z70976E1F653B95BF5B46FFE                                         PGTFORNB08042013900005967                                                                                                                               00        
0330002300025J00034194566200008236211129620007932395022557000KOGA KOGA CIA LTDA            08042013000000000823621000000000000000000000000000000080420130000000008236210000000000000005685                900005968           09      00        
0330002300026Z70976E1A942CE1A644514EB                                         PGTFORNB08042013900005968                                                                                                                               00        
0330002300027J00023791566200000501652718091330910173900139900LG FIXACAO COM AUTO PECAS LTDA08042013000000000050165000000000000000000000000000000080420130000000000501650000000000000005686                900005969           09      00        
0330002300028Z70976E181B4AC48FB48D870                                         PGTFORNB08042013900005969                                                                                                                               00        
0330002300029J00023795566200000041103372090000006055900584500MAGGI CAMINHOES LTDA          08042013000000000004110000000000000000000000000000000080420130000000000041100000000000000005687                900005970           09      00        
0330002300030Z70976E11EF7DDBB05D349F9                                         PGTFORNB08042013900005970                                                                                                                               00        
0330002300031J00023791566200000730000136093039000003801269910MEMORIAL COMERCIO DE PECAS LTD08042013000000000073000000000000000000000000000000000080420130000000000730000000000000000005688                900005971           09      00        
0330002300032Z70976E101FD6E07BD0D53DD                                         PGTFORNB08042013900005971                                                                                                                               00        
0330002300033J00034192566200001041591129626447070017328824000MTE THOMSON IND COM LTDA      08042013000000000104159000000000000000000000000000000080420130000000001041590000000000000005689                900005972           09      00        
0330002300034Z70976E1684BE2FAE8CB5BC7                                         PGTFORNB08042013900005972                                                                                                                               00        
0330002300035J00023793566200014618992500090256575269000000340ODAPEL DISTRIBUIDORA DE AUTO P08042013000000001461899000000000000000000000000000000080420130000000014618990000000000000005690                900005973           09      00        
0330002300036Z70976E12114568DC61A1E50                                         PGTFORNB08042013900005973                                                                                                                               00        
0330002300037J00023791566200001863242500090256575295300000340ODAPEL DISTRIBUIDORA DE AUTO P08042013000000000186324000000000000000000000000000000080420130000000001863240000000000000005691                900005974           09      00        
0330002300038Z70976E14FB19E9F8D37561E                                         PGTFORNB08042013900005974                                                                                                                               00        
0330002300039J00023795566200000159542500090256575163000000340ODAPEL DISTRIBUIDORA DE AUTO P08042013000000000015954000000000000000000000000000000080420130000000000159540000000000000005692                900005975           09      00        
0330002300040Z70976E17CB459DEC51D58E6                                         PGTFORNB08042013900005975                                                                                                                               00        
0330002300041J00023792566200007369382500090256575266400000340ODAPEL DISTRIBUIDORA DE AUTO P08042013000000000736938000000000000000000000000000000080420130000000007369380000000000000005693                900005976           09      00        
0330002300042Z70976E181DF860B45EA626E                                         PGTFORNB08042013900005976                                                                                                                               00        
0330002300043J00023791566200001891692500090256575282100000340ODAPEL DISTRIBUIDORA DE AUTO P08042013000000000189169000000000000000000000000000000080420130000000001891690000000000000005694                900005977           09      00        
0330002300044Z70976E13FD23804D64D8713                                         PGTFORNB08042013900005977                                                                                                                               00        
0330002300045J00034193000000000000001219822406411012365225000PACAEMBU AUTO PECAS LTDA      08042013000000000015146000000000000000000000000000000080420130000000000151460000000000000005695                900005978           09      00        
0330002300046Z70976E10E7DF4700E70866E                                         PGTFORNB08042013900005978                                                                                                                               00        
0330002300047J00023798566100000684820284281321210564300742060INDUSTRIAS DEL RECAMBIO DO BRA07042013000000000068482000000000000000000000000000000080420130000000000684820000000000000005653                900005937           09      00        
0330002300048Z70976E17F84AEF129E68003                                         PGTFORNB08042013900005937                                                                                                                               00        
0330002300049J00000192566100002132210445422709534120000204711INSTALADORA SAO MARCOS LTDA   07042013000000000213221000000000000000000000000000000080420130000000002132210000000000000005654                900005938           09      00        
0330002300050Z70976E1CAA3541042B8B7DA                                         PGTFORNB08042013900005938                                                                                                                               00        
0330002300051J00023797566100000406002199090000012184800203330JBI COMERCIAL DE PLASTICOS REF07042013000000000040600000000000000000000000000000000080420130000000000406000000000000000005655                900005939           09      00        
0330002300052Z70976E19372F99F81D0BB52                                         PGTFORNB08042013900005939                                                                                                                               00        
0330002300053J00023799566100001105473394090000018519300324600MORELATE DISTRIBUIDORA DE AUTO07042013000000000110547000000000000000000000000000000080420130000000001105470000000000000005656                900005940           09      00        
0330002300054Z70976E110DFB127DD025052                                         PGTFORNB08042013900005940                                                                                                                               00        
0330002300055J00039991566100000599702995130979405313093513001REAL MOTO PECAS LTDA          07042013000000000059970000000000000000000000000000000080420130000000000599700000000000000005657                900005941           09      00        
0330002300056Z70976E193768EB978715FE3                                         PGTFORNB08042013900005941                                                                                                                               00        
0330002300057J00023791566100001380043395061180232955600028140ROCHESTER DISTRIBUIDORA DE AUT07042013000000000138004000000000000000000000000000000080420130000000001380040000000000000005658                900005942           09      00        
0330002300058Z70976E11C4D952ECFC9136E                                         PGTFORNB08042013900005942                                                                                                                               00        
0330002300059J00023797566100000558563395090000005216000650000SORANA SUL                    07042013000000000055856000000000000000000000000000000080420130000000000558560000000000000005659                900005943           09      00        
0330002300060Z70976E134C773824E3D0F66                                         PGTFORNB08042013900005943                                                                                                                               00        
0330002300061J00023799566100000100203395090000005429200650000SORANA SUL                    07042013000000000010020000000000000000000000000000000080420130000000000100200000000000000005660                900005944           09      00        
0330002300062Z70976E1F3047A714A4AD1E6                                         PGTFORNB08042013900005944                                                                                                                               00        
0330002300063J00023797566100000213523395090000005427500650000SORANA SUL                    07042013000000000021352000000000000000000000000000000080420130000000000213520000000000000005661                900005945           09      00        
0330002300064Z70976E14C3E4F404A949BF9                                         PGTFORNB08042013900005945                                                                                                                               00        
0330002300065J00039998566200000249821770505284004540079149001BANCO SOFISA SA               08042013000000000024982000000000000000000000000000000080420130000000000249820000000000000005707                900005990           09      00        
0330002300066Z70976E146649E5C0D34B3B3                                         PGTFORNB08042013900005990                                                                                                                               00        
0330002300067J00034199566100000026401129128286400076000777000CENTER PECAS FABBRI LTDA      07042013000000000002640000000000000000000000000000000080420130000000000026400000000000000005631                900005916           09      00        
0330002300068Z70976E1F15E4D34C55B5751                                         PGTFORNB08042013900005916                                                                                                                               00        
0330002300069J00034191566100000075051129128286320076000777000CENTER PECAS FABBRI LTDA      07042013000000000007505000000000000000000000000000000080420130000000000075050000000000000005632                900005917           09      00        
0330002300070Z70976E1797E1F1C35E0FB96                                         PGTFORNB08042013900005917                                                                                                                               00        
0330002300071J00034196566100000712001129128286160076000777000CENTER PECAS FABBRI LTDA      07042013000000000071200000000000000000000000000000000080420130000000000712000000000000000005633                900005918           09      00        
0330002300072Z70976E13A01106E393C3E3C                                         PGTFORNB08042013900005918                                                                                                                               00        
0330002300073J00034199566100000156501129128287070076000777000CENTER PECAS FABBRI LTDA      07042013000000000015650000000000000000000000000000000080420130000000000156500000000000000005634                900005919           09      00        
0330002300074Z70976E11997DCCAE03BDC79                                         PGTFORNB08042013900005919                                                                                                                               00        
0330002300075J00034192566100000074551129128286240076000777000CENTER PECAS FABBRI LTDA      07042013000000000007455000000000000000000000000000000080420130000000000074550000000000000005635                900005920           09      00        
0330002300076Z70976E1D5F9426C523B1DB6                                         PGTFORNB08042013900005920                                                                                                                               00        
0330002300077J00034191566100000706001129128287150076000777000CENTER PECAS FABBRI LTDA      07042013000000000070600000000000000000000000000000000080420130000000000706000000000000000005636                900005921           09      00        
0330002300078Z70976E15118B8A508337BCB                                         PGTFORNB08042013900005921                                                                                                                               00        
0330002300079J00034193566100000895001129291956520076000777000CENTER PECAS FABBRI LTDA      07042013000000000089500000000000000000000000000000000080420130000000000895000000000000000005637                900005922           09      00        
0330002300080Z70976E163D840792278B1B7                                         PGTFORNB08042013900005922                                                                                                                               00        
0330002300081J00034191566100001308001129796421650249809195000DRIVEWAY INDUSTRIA BRASILEIRA 07042013000000000130800000000000000000000000000000000080420130000000001308000000000000000005638                900005923           09      00        
0330002300082Z70976E136F8D5BB7F75B5F3                                         PGTFORNB08042013900005923                                                                                                                               00        
0330002300083J00034199566100000858101129796420330249809195000DRIVEWAY INDUSTRIA BRASILEIRA 07042013000000000085810000000000000000000000000000000080420130000000000858100000000000000005639                900005924           09      00        
0330002300084Z70976E193C1C544A2E28A3B                                         PGTFORNB08042013900005924                                                                                                                               00        
0330002300085J00034191566100000371941129796423710249809195000DRIVEWAY INDUSTRIA BRASILEIRA 07042013000000000037194000000000000000000000000000000080420130000000000371940000000000000005640                900005925           09      00        
0330002300086Z70976E175903599DA5D957F                                         PGTFORNB08042013900005925                                                                                                                               00        
0330002300087J00034196566100009907501129796421570249809195000DRIVEWAY INDUSTRIA BRASILEIRA 07042013000000000990750000000000000000000000000000000080420130000000009907500000000000000005641                900005926           09      00        
0330002300088Z70976E1E3817ECA0872C080                                         PGTFORNB08042013900005926                                                                                                                               00        
0330002300089J00034196566100001867451129796422070249809195000DRIVEWAY INDUSTRIA BRASILEIRA 07042013000000000186745000000000000000000000000000000080420130000000001867450000000000000005642                900005927           09      00        
0330002300090Z70976E1243354DA28561068                                         PGTFORNB08042013900005927                                                                                                                               00        
0330002300091J00034196566100001304191128835375272938000052000EATON LTDA                    07042013000000000130419000000000000000000000000000000080420130000000001304190000000000000005643                900005928           09      00        
0330002300092Z70976E1395F0AE0E9ADF057                                         PGTFORNB08042013900005928                                                                                                                               00        
0330002300093J00034196566100002402261128835378322938000052000EATON LTDA                    07042013000000000240226000000000000000000000000000000080420130000000002402260000000000000005644                900005929           09      00        
0330002300094Z70976E1AF4B277361C70001                                         PGTFORNB08042013900005929                                                                                                                               00        
0330002300095J00034191566100000122101128835359272938000052000EATON LTDA                    07042013000000000012210000000000000000000000000000000080420130000000000122100000000000000005645                900005930           09      00        
0330002300096Z70976E17533691583985A02                                         PGTFORNB08042013900005930                                                                                                                               00        
0330002300097J00034191566100000137371128835367922938000052000EATON LTDA                    07042013000000000013737000000000000000000000000000000080420130000000000137370000000000000005646                900005931           09      00        
0330002300098Z70976E12A541545E02B86E2                                         PGTFORNB08042013900005931                                                                                                                               00        
0330002300099J00034196566100001206311128777818592938000052000EATON LTDA                    07042013000000000120631000000000000000000000000000000080420130000000001206310000000000000005647                900005932           09      00        
0330002300100Z70976E1A2BA56C2A889E574                                         PGTFORNB08042013900005932                                                                                                                               00        
0330002300101J00034198566100001356481127352381590046365078000FELICIO VIGORITO FILHOS LTDA  07042013000000000135648000000000000000000000000000000080420130000000001356480000000000000005649                900005933           09      00        
0330002300102Z70976E1D669AE6FE021447D                                         PGTFORNB08042013900005933                                                                                                                               00        
0330002300103J00034196566100000537231127352381340046365078000FELICIO VIGORITO FILHOS LTDA  07042013000000000053723000000000000000000000000000000080420130000000000537230000000000000005650                900005934           09      00        
0330002300104Z70976E1BCBCE7A624E485A9                                         PGTFORNB08042013900005934                                                                                                                               00        
0330002300105J00023791566100000736163180091330521551600158190GUPE DISTR DE AUTOPECAS LTDA  07042013000000000073616000000000000000000000000000000080420130000000000736160000000000000005651                900005935           09      00        
0330002300106Z70976E1C94F14D74E510372                                         PGTFORNB08042013900005935                                                                                                                               00        
0330002300107J00023791566100000524103381093073000054800030500CREDIT BRASIL FUNDO DE INVESTI07042013000000000052410000000000000000000000000000000080420130000000000524100000000000000005663                900005947           09      00        
0330002300108Z70976E1D409FAD75CB3602A                                         PGTFORNB08042013900005947                                                                                                                               00        
0330002300109J00023798566100000332933381093073000054900030500CREDIT BRASIL FUNDO DE INVESTI07042013000000000033293000000000000000000000000000000080420130000000000332930000000000000005664                900005948           09      00        
0330002300110Z70976E13932940F842B09E5                                         PGTFORNB08042013900005948                                                                                                                               00        
0330002300111J00023794566200000615142622093039000008300970050ABSOLUTA DISTR DE AUTOMOVEIS L08042013000000000061514000000000000000000000000000000080420130000000000615140000000000000005665                900005949           09      00        
0330002300112Z70976E1FB913BFC8EBEAD95                                         PGTFORNB08042013900005949                                                                                                                               00        
0330002300113J00039996566200000775608274820187004690982936001ALPHA SENSORES AUTOMOTIVOS LTD08042013000000000077560000000000000000000000000000000080420130000000000775600000000000000005666                900005950           09      00        
0330002300114Z70976E1AAC29BA6BD04569E                                         PGTFORNB08042013900005950                                                                                                                               00        
0330002300115J00023795566200028471141226091330870065200000070APLIC COM IND DE AUTO PECAS LT08042013000000002847114000000000000000000000000000000080420130000000028471140000000000000005667                900005951           09      00        
0330002300116Z70976E17FAEE9B25B8A4132                                         PGTFORNB08042013900005951                                                                                                                               00        
0330002300117J00023791566200003132182872283058000000300066220ATTOW AUTOMOTIVE IND E COM LTD08042013000000000313218000000000000000000000000000000080420130000000003132180000000000000005668                900005952           09      00        
0330002300118Z70976E18CA145F056297C0F                                         PGTFORNB08042013900005952                                                                                                                               00        
0330002300119J00039995566200000415591771576356711960078237001BAP AUTOMOTIVA LTDA           08042013000000000041559000000000000000000000000000000080420130000000000415590000000000000005669                900005953           09      00        
0330002300120Z70976E18C8FF8C5C23B9E71                                         PGTFORNB08042013900005953                                                                                                                               00        
0330002300121J00034197566200001813471127994852821248021303000BANCO FIBRA SA                08042013000000000181347000000000000000000000000000000080420130000000001813470000000000000005670                900005954           09      00        
0330002300122Z70976E11EFBDC98619E0694                                         PGTFORNB08042013900005954                                                                                                                               00        
0330002300123J00023794566200000330343398020000137050100607510BRAKEMATIC LTDA               08042013000000000033034000000000000000000000000000000080420130000000000330340000000000000005671                900005955           09      00        
0330002300124Z70976E19A1CD9FE2D68A39C                                         PGTFORNB08042013900005955                                                                                                                               00        
0330002300125J00000197566200002097000444344196719140000100711CDMD COM DE VEICULOS AUTOMOTOR08042013000000000209700000000000000000000000000000000080420130000000002097000000000000000005672                900005956           09      00        
0330002300126Z70976E1EA2764C66E74E078                                         PGTFORNB08042013900005956                                                                                                                               00        
0330002300127J00023791566100007517160284281321210564400742060INDUSTRIAS DEL RECAMBIO DO BRA07042013000000000751716000000000000000000000000000000080420130000000007517160000000000000005652                900005936           09      00        
0330002300128Z70976E174BDE1498A97A4F7                                         PGTFORNB08042013900005936                                                                                                                               00        
0330002300129J00039991566200000454868144672036804540096965001PELLEGRINO DISTRIBUIDORA DE AU08042013000000000045486000000000000000000000000000000080420130000000000454860000000000000005696                900005979           09      00        
0330002300130Z70976E10F8D6A3573D6BC7E                                         PGTFORNB08042013900005979                                                                                                                               00        
0330002300131J00039999566200000301622696559445004540096965001PELLEGRINO DISTRIBUIDORA DE AU08042013000000000030162000000000000000000000000000000080420130000000000301620000000000000005697                900005980           09      00        
0330002300132Z70976E15FF18D8CA28F0F30                                         PGTFORNB08042013900005980                                                                                                                               00        
0330002300133J00023795566200000375903484093052000154901129000PELLEGRINO DISTRIBUIDORA DE AU08042013000000000037590000000000000000000000000000000080420130000000000375900000000000000005698                900005981           09      00        
0330002300134Z70976E1E17AD906FDF86548                                         PGTFORNB08042013900005981                                                                                                                               00        
0330002300135J00023792566200017869123394190004048914100136510PROMAX PRODS MAXIMOS S/A IND C08042013000000001786912000000000000000000000000000000080420130000000017869120000000000000005699                900005982           09      00        
0330002300136Z70976E1A63ED2C9380AE40E                                         PGTFORNB08042013900005982                                                                                                                               00        
0330002300137J00000197566100000509120000001291892000004834417VESPOR AUTOMOTIVE DIST DE AUTO07042013000000000050912000000000000000000000000000000080420130000000000509120000000000000005662                900005946           09      00        
0330002300138Z70976E193C4652C71E14335                                         PGTFORNB08042013900005946                                                                                                                               00        
0330002300139J00023791566000000500060545090000033013500705060TONINI DISTRIBUIDORA LTDA     06042013000000000050006000000000000000000000000000000080420130000000000500060000000000000005626                900005911           09      00        
0330002300140Z70976E14328DBC78B52EED8                                         PGTFORNB08042013900005911                                                                                                                               00        
0330002300141J00034198566100000623881128772145130237417159000ACCIOLY SA IMP E COM          07042013000000000062388000000000000000000000000000000080420130000000000623880000000000000005627                900005912           09      00        
0330002300142Z70976E115E940D92481CAA5                                         PGTFORNB08042013900005912                                                                                                                               00        
0330002300143J00023791566100001302081316090000010574600009000APS DISTRIBUIDORA DE AUTOPECAS07042013000000000130208000000000000000000000000000000080420130000000001302080000000000000005628                900005913           09      00        
0330002300144Z70976E11990C3BF2D7336C0                                         PGTFORNB08042013900005913                                                                                                                               00        
0330002300145J00023791566100000719561316090000010569600009000APS DISTRIBUIDORA DE AUTOPECAS07042013000000000071956000000000000000000000000000000080420130000000000719560000000000000005629                900005914           09      00        
0330002300146Z70976E187AA95EAB6BC7326                                         PGTFORNB08042013900005914                                                                                                                               00        
0330002300147J00034197566100000040401129128285900076000777000CENTER PECAS FABBRI LTDA      07042013000000000004040000000000000000000000000000000080420130000000000040400000000000000005630                900005915           09      00        
0330002300148Z70976E101DF7A56A9678DBD                                         PGTFORNB08042013900005915                                                                                                                               00        
0330002300149J00039991566200001309962995135753505313093513001REAL MOTO PECAS LTDA          08042013000000000130996000000000000000000000000000000080420130000000001309960000000000000005700                900005983           09      00        
0330002300150Z70976E1B10644DDEB05D054                                         PGTFORNB08042013900005983                                                                                                                               00        
0330002300151J00039994566200004218982995131675805313093513001REAL MOTO PECAS LTDA          08042013000000000421898000000000000000000000000000000080420130000000004218980000000000000005701                900005984           09      00        
0330002300152Z70976E12A822F1DF78F50E4                                         PGTFORNB08042013900005984                                                                                                                               00        
0330002300153J00034191566200000261131129100839172938069560000TEMPO AUTOMOVEIS PECAS LTDA   08042013000000000026113000000000000000000000000000000080420130000000000261130000000000000005702                900005985           09      00        
0330002300154Z70976E186BA774CCB72FB51                                         PGTFORNB08042013900005985                                                                                                                               00        
0330002300155J00034198566200003328551129639503190017697418000THOMSON C I COM PROD AUT LTDA 08042013000000000332855000000000000000000000000000000080420130000000003328550000000000000005703                900005986           09      00        
0330002300156Z70976E1AB26414B48CD9A57                                         PGTFORNB08042013900005986                                                                                                                               00        
0330002300157J00023797566200000099823178300000007107000421060TUPER DISTRIB. PROD. METALURGI08042013000000000009982000000000000000000000000000000080420130000000000099820000000000000005704                900005987           09      00        
0330002300158Z70976E1468B126D4B07CCEF                                         PGTFORNB08042013900005987                                                                                                                               00        
0330002300159J00023795566200000087002025090000000184000035990VENANPECAS LTDA               08042013000000000008700000000000000000000000000000000080420130000000000087000000000000000005705                900005988           09      00        
0330002300160Z70976E101E968AB90B61220                                         PGTFORNB08042013900005988                                                                                                                               00        
0330002300161J00039998566200000097861770505285904540079149001BANCO SOFISA SA               08042013000000000009786000000000000000000000000000000080420130000000000097860000000000000005706                900005989           09      00        
0330002300162Z70976E1E5169D42643CBBE8                                         PGTFORNB08042013900005989                                                                                                                               00        
03300025         000164000000000015592031000000000000000000310408                                                                                                                                                                               
03300031C2003031 2054375370001370033006500490028050300065 0000480000414 AUTO GERAL DE ITU LTDA                                                                              00000                                   00000000                    
0330003300001A0007002370014500000000005894 INDUSTRIA MECANICAS ALVARCO   5710                08042013BRL000000000000000000000000328810900005902           08042013000000000328810                                        07          000        
0330003300002B   254365416000132                              00000                                                  00000000  080420130000000003288100000000000000000000000000000000000000000000000000000000000000000                00        
0330003300003Z70976E1FF0E94F3A92CAE11                                         PGTFORNB08042013900005902                                                                                                                               00        
03300035         000005000000000000328810000000000000000000030408                                                                                                                                                                               
03399999         000003000187000000                                                                                                                                                                                                             
