03300000         2054375370001370033006500490028050300065 0000480000414 AUTO GERAL DE ITU LTDA        SANTANDER                               21401201303315200015506000000                                                                     
03300011C2030030 2054375370001370033006500490028050300065 0000480000414 AUTO GERAL DE ITU LTDA                                                                              00000                                   00000000                    
0330001300001J00003391557800002498049482966200000023000790104CAR CENTRAL DE AUTOPECAS E ROL14012013000000000249804000000000000000000000000000000140120130000000002498040000000000000002833                900003092           09      00        
0330001300002Z70976E1288327550B3CFC14                                         PGTFORNB14012013900003092                                                                                                                               00        
03300015         000004000000000000249804000000000000000000300114                                                                                                                                                                               
03300021C2031030 2054375370001370033006500490028050300065 0000480000414 AUTO GERAL DE ITU LTDA                                                                              00000                                   00000000                    
0330002300001J00023791557600004711350329192349000012000024120AD PAPEIS LTDA                12012013000000000471135000000000000000000000000000000140120130000000004711350000000000000002810                900003093           09      00        
0330002300002Z70976E1697C67C9B8F4AA37                                         PGTFORNB14012013900003093                                                                                                                               00        
0330002300003J00023794557800001044720086092339000011600170000A FIRMA ASSESSORIA EM COBRANCA14012013000000000104472000000000000000000000000000000140120130000000001044720000000000000002845                900003127           09      00        
0330002300004Z70976E126A8C8C7B5596C10                                         PGTFORNB14012013900003127                                                                                                                               00        
0330002300005J00023799557800001978040086092339000013500170000A FIRMA ASSESSORIA EM COBRANCA14012013000000000197804000000000000000000000000000000140120130000000001978040000000000000002846                900003128           09      00        
0330002300006Z70976E1FC456E16D18C5FB9                                         PGTFORNB14012013900003128                                                                                                                               00        
0330002300007J00023799557800000340003372094000204511600400020MAGGI LE NOM AUTOMOTORES LTDA 14012013000000000034000000000000000000000000000000000140120130000000000340000000000000000002847                900003129           09      00        
0330002300008Z70976E106BBD0EEB0B25DCB                                         PGTFORNB14012013900003129                                                                                                                               00        
0330002300009J00034191557600000486331090008383312938050420000ITA PECAS PARA VEIC COM E SERV12012013000000000048633000000000000000000000000000000140120130000000000486330000000000000002819                900003102           09      00        
0330002300010Z70976E1EDDB81A9AF899C57                                         PGTFORNB14012013900003102                                                                                                                               00        
0330002300011J00039996557600000150181763952276803280030090001ITAVEMA ITALIA VEICULOS E MAQU12012013000000000015018000000000000000000000000000000140120130000000000150180000000000000002820                900003103           09      00        
0330002300012Z70976E1EEE3506860777B33                                         PGTFORNB14012013900003103                                                                                                                               00        
0330002300013J00000195557600000274180000001292592443196935411K PARTS INDUSTRIA E COMERCIO D12012013000000000027418000000000000000000000000000000140120130000000000274180000000000000002821                900003104           09      00        
0330002300014Z70976E18E74932A9118C60E                                         PGTFORNB14012013900003104                                                                                                                               00        
0330002300015J00023794557600000258153394090000014218700324600MORELATE DISTRIBUIDORA DE AUTO12012013000000000025815000000000000000000000000000000140120130000000000258150000000000000002822                900003105           09      00        
0330002300016Z70976E14C50F1B5418F369A                                         PGTFORNB14012013900003105                                                                                                                               00        
0330002300017J00023794557600000453082500090256569401400000340ODAPEL DISTRIBUIDORA DE AUTO P12012013000000000045308000000000000000000000000000000140120130000000000453080000000000000002823                900003106           09      00        
0330002300018Z70976E15EE514CC2C043DDB                                         PGTFORNB14012013900003106                                                                                                                               00        
0330002300019J00023791557600000376002500090256569401300000340ODAPEL DISTRIBUIDORA DE AUTO P12012013000000000037600000000000000000000000000000000140120130000000000376000000000000000002824                900003107           09      00        
0330002300020Z70976E1710CCFEA8295FEB7                                         PGTFORNB14012013900003107                                                                                                                               00        
0330002300021J00023795557600000179253395090000005057300650000SORANA SUL                    12012013000000000017925000000000000000000000000000000140120130000000000179250000000000000002825                900003108           09      00        
0330002300022Z70976E1F863412C0D29DFB6                                         PGTFORNB14012013900003108                                                                                                                               00        
0330002300023J00023791557600000369390545090000031734100705060TONINI DISTRIBUIDORA LTDA     12012013000000000036939000000000000000000000000000000140120130000000000369390000000000000002826                900003109           09      00        
0330002300024Z70976E1CC839977B79F94F6                                         PGTFORNB14012013900003109                                                                                                                               00        
0330002300025J00034191557700000188971126520577230237417159000ACCIOLY SA IMP E COM          13012013000000000018897000000000000000000000000000000140120130000000000188970000000000000002827                900003110           09      00        
0330002300026Z70976E16D2AE254040B5525                                         PGTFORNB14012013900003110                                                                                                                               00        
0330002300027J00034196557800002907151127289339560206012825000METALURGICA RIGITEC LTDA      14012013000000000290715000000000000000000000000000000140120130000000002907150000000000000002848                900003130           09      00        
0330002300028Z70976E1072B3B20DDD480B7                                         PGTFORNB14012013900003130                                                                                                                               00        
0330002300029J00023792557800000874433484092348000021401129000PETRONAS LUBRIFICANTES BRASIL 14012013000000000087443000000000000000000000000000000140120130000000000874430000000000000002849                900003131           09      00        
0330002300030Z70976E1F7A887AB86F1BB0D                                         PGTFORNB14012013900003131                                                                                                                               00        
0330002300031J00023799557800000265333484092341000054101129000PETRONAS LUBRIFICANTES BRASIL 14012013000000000026533000000000000000000000000000000140120130000000000265330000000000000002850                900003132           09      00        
0330002300032Z70976E1CEC4C14889148BC1                                         PGTFORNB14012013900003132                                                                                                                               00        
0330002300033J00023796557800010328883484092341000053501129000PETRONAS LUBRIFICANTES BRASIL 14012013000000001032888000000000000000000000000000000140120130000000010328880000000000000002851                900003133           09      00        
0330002300034Z70976E1E67C38C3847D8A86                                         PGTFORNB14012013900003133                                                                                                                               00        
0330002300035J00023798557800001439033484092341000053801129000PETRONAS LUBRIFICANTES BRASIL 14012013000000000143903000000000000000000000000000000140120130000000001439030000000000000002852                900003134           09      00        
0330002300036Z70976E1167315F40A7AD078                                         PGTFORNB14012013900003134                                                                                                                               00        
0330002300037J00039994557800001729422315362914505313093513001REAL MOTO PECAS LTDA          14012013000000000172942000000000000000000000000000000140120130000000001729420000000000000002853                900003135           09      00        
0330002300038Z70976E12C99EDD5162326A1                                         PGTFORNB14012013900003135                                                                                                                               00        
0330002300039J00039994557800000880282315361064905313093513001REAL MOTO PECAS LTDA          14012013000000000088028000000000000000000000000000000140120130000000000880280000000000000002854                900003136           09      00        
0330002300040Z70976E132E9D3C4F33175D2                                         PGTFORNB14012013900003136                                                                                                                               00        
0330002300041J00023795557800000785040545090000029912600705060TONINI DISTRIBUIDORA LTDA     14012013000000000078504000000000000000000000000000000140120130000000000785040000000000000002855                900003137           09      00        
0330002300042Z70976E17D545A0279C51028                                         PGTFORNB14012013900003137                                                                                                                               00        
0330002300043J00039991557800000145281765725672204540079149001BANCO SOFISA SA               14012013000000000014528000000000000000000000000000000140120130000000000145280000000000000002856                900003138           09      00        
0330002300044Z70976E191DEB98EEFC9CE2D                                         PGTFORNB14012013900003138                                                                                                                               00        
0330002300045J00039998557800000364661765725673004540079149001BANCO SOFISA SA               14012013000000000036466000000000000000000000000000000140120130000000000364660000000000000002857                900003139           09      00        
0330002300046Z70976E1953ED3510E7B7E63                                         PGTFORNB14012013900003139                                                                                                                               00        
0330002300047J00039995557800000149741766459015804540079149001BANCO SOFISA SA               14012013000000000014974000000000000000000000000000000140120130000000000149740000000000000002858                900003140           09      00        
0330002300048Z70976E134402086F672777F                                         PGTFORNB14012013900003140                                                                                                                               00        
0330002300049J00039991557800000557481766459016604540079149001BANCO SOFISA SA               14012013000000000055748000000000000000000000000000000140120130000000000557480000000000000002859                900003141           09      00        
0330002300050Z70976E1B3FEEC9E162F3305                                         PGTFORNB14012013900003141                                                                                                                               00        
0330002300051J00034191557800001890751090006238630054846332000GT COMERCIO DE LUBRIFICANTES L14012013000000000189075000000000000000000000000000000140120130000000001890750000000000000002860                900003142           09      00        
0330002300052Z70976E164CACC5E3A007618                                         PGTFORNB14012013900003142                                                                                                                               00        
0330002300053J00034199557700000189001126997136350076000777000CENTER PECAS FABBRI LTDA      13012013000000000018900000000000000000000000000000000140120130000000000189000000000000000002828                900003111           09      00        
0330002300054Z70976E1C572DD82098532C0                                         PGTFORNB14012013900003111                                                                                                                               00        
0330002300055J00034198557700000095921126993591576676980086000NOVA DISTRIBUIDORA DE VEICULOS13012013000000000009592000000000000000000000000000000140120130000000000095920000000000000002829                900003112           09      00        
0330002300056Z70976E17346A614928240F5                                         PGTFORNB14012013900003112                                                                                                                               00        
0330002300057J00023793557700000325752500090256569448900000340ODAPEL DISTRIBUIDORA DE AUTO P13012013000000000032575000000000000000000000000000000140120130000000000325750000000000000002830                900003113           09      00        
0330002300058Z70976E1864F766258DEBCC3                                         PGTFORNB14012013900003113                                                                                                                               00        
0330002300059J00023791557700000348160545090000031787600705060TONINI DISTRIBUIDORA LTDA     13012013000000000034816000000000000000000000000000000140120130000000000348160000000000000002831                900003114           09      00        
0330002300060Z70976E101F0CC432A2D4F30                                         PGTFORNB14012013900003114                                                                                                                               00        
0330002300061J00023794557800000090003372090000016244905040000ABRAO REZE COM DE VEICULOS LTD14012013000000000009000000000000000000000000000000000140120130000000000090000000000000000002832                900003115           09      00        
0330002300062Z70976E1CBEC1DF96D587991                                         PGTFORNB14012013900003115                                                                                                                               00        
0330002300063J00039991557800000491531766148965004061860231001CAR CENTRAL DE AUTOPECAS E ROL14012013000000000049153000000000000000000000000000000140120130000000000491530000000000000002834                900003116           09      00        
0330002300064Z70976E13C2E332BD8FE9CA2                                         PGTFORNB14012013900003116                                                                                                                               00        
0330002300065J00039991557800000256391766148957004061860231001CAR CENTRAL DE AUTOPECAS E ROL14012013000000000025639000000000000000000000000000000140120130000000000256390000000000000002835                900003117           09      00        
0330002300066Z70976E1607F0CCFF45B8A17                                         PGTFORNB14012013900003117                                                                                                                               00        
0330002300067J00023799557600001248902372196600099650200360080TELEFONICA BRASIL S/A         12012013000000000124890000000000000000000000000000000140120130000000001248900000000000000002861                900003143           09      00        
0330002300068Z70976E18D279221679B1CA9                                         PGTFORNB14012013900003143                                                                                                                               00        
0330002300069J00034194557600000144511750000125168949044674000CENTRO AUTOMOTIVO ITUZAO LTDA 12012013000000000014451000000000000000000000000000000140120130000000000144510000000000000002862                900003144           09      00        
0330002300070Z70976E140D5902573D62B0E                                         PGTFORNB14012013900003144                                                                                                                               00        
0330002300071J00000199557700000215000000001653885000003240118MG TELECOMUNICACOES E INFORMAT13012013000000000021500000000000000000000000000000000140120130000000000215000000000000000002863                900003145           09      00        
0330002300072Z70976E1ACF7EFA3B6F7B6E5                                         PGTFORNB14012013900003145                                                                                                                               00        
0330002300073J00000191557700000120000000001729432000000057717MG TELECOMUNICACOES E INFORMAT13012013000000000012000000000000000000000000000000000140120130000000000120000000000000000002864                900003146           09      00        
0330002300074Z70976E1CFBEE1905D58224B                                         PGTFORNB14012013900003146                                                                                                                               00        
0330002300075J00000196557800000237700000001555704202000119217VIRTUAL EXPRESS TRANSPORTES E 14012013000000000023770000000000000000000000000000000140120130000000000237700000000000000002865                900003147           09      00        
0330002300076Z70976E18D300505BD997E0C                                         PGTFORNB14012013900003147                                                                                                                               00        
0330002300077J00039995557800000223961766148961804061860231001CAR CENTRAL DE AUTOPECAS E ROL14012013000000000022396000000000000000000000000000000140120130000000000223960000000000000002836                900003118           09      00        
0330002300078Z70976E13052567F8D3F77B9                                         PGTFORNB14012013900003118                                                                                                                               00        
0330002300079J00000192557800002396064584341716400370004790718DB DISTRIBUIDORA DE BATERIAS L14012013000000000239606000000000000000000000000000000140120130000000002396060000000000000002837                900003119           09      00        
0330002300080Z70976E18ABF3758397729CB                                         PGTFORNB14012013900003119                                                                                                                               00        
0330002300081J00000195557800005445584584341716500370004790718DB DISTRIBUIDORA DE BATERIAS L14012013000000000544558000000000000000000000000000000140120130000000005445580000000000000002838                900003120           09      00        
0330002300082Z70976E1308FF58857A57407                                         PGTFORNB14012013900003120                                                                                                                               00        
0330002300083J00000198557800001184360000002267479000014298217DECAR AUTOPECAS LTDA          14012013000000000118436000000000000000000000000000000140120130000000001184360000000000000002839                900003121           09      00        
0330002300084Z70976E17AE9D380B85F4B58                                         PGTFORNB14012013900003121                                                                                                                               00        
0330002300085J00023794557800000286140138092338000004001370000BBL SISTEMAS OPERACIONAIS LTDA14012013000000000028614000000000000000000000000000000140120130000000000286140000000000000002840                900003122           09      00        
0330002300086Z70976E160A9A49689D98493                                         PGTFORNB14012013900003122                                                                                                                               00        
0330002300087J00023791557600004973981316090000009701300009000APS DISTRIBUIDORA DE AUTOPECAS12012013000000000497398000000000000000000000000000000140120130000000004973980000000000000002811                900003094           09      00        
0330002300088Z70976E146D755149B3AB8B9                                         PGTFORNB14012013900003094                                                                                                                               00        
0330002300089J00023799557600000145271316090000009701100009000APS DISTRIBUIDORA DE AUTOPECAS12012013000000000014527000000000000000000000000000000140120130000000000145270000000000000002812                900003095           09      00        
0330002300090Z70976E120C5271EC179D10E                                         PGTFORNB14012013900003095                                                                                                                               00        
0330002300091J00023791557600000490961316090000009700400009000APS DISTRIBUIDORA DE AUTOPECAS12012013000000000049096000000000000000000000000000000140120130000000000490960000000000000002813                900003096           09      00        
0330002300092Z70976E1A1DDD13EC3321824                                         PGTFORNB14012013900003096                                                                                                                               00        
0330002300093J00034191557600000867501126229895591248021303000BANCO FIBRA SA                12012013000000000086750000000000000000000000000000000140120130000000000867500000000000000002814                900003097           09      00        
0330002300094Z70976E1D75D8C6F040D7176                                         PGTFORNB14012013900003097                                                                                                                               00        
0330002300095J00023794557600001524253114091294475498801763000BANCO SAFRA S/A               12012013000000000152425000000000000000000000000000000140120130000000001524250000000000000002815                900003098           09      00        
0330002300096Z70976E1CC47021380B8BF64                                         PGTFORNB14012013900003098                                                                                                                               00        
0330002300097J00034196557600000348001126997136680076000777000CENTER PECAS FABBRI LTDA      12012013000000000034800000000000000000000000000000000140120130000000000348000000000000000002816                900003099           09      00        
0330002300098Z70976E1CB7D1A76EC08BFBC                                         PGTFORNB14012013900003099                                                                                                                               00        
0330002300099J00034194557600000546611125945720942938107808000ELIVEL AUTOMOTORES LTDA       12012013000000000054661000000000000000000000000000000140120130000000000546610000000000000002817                900003100           09      00        
0330002300100Z70976E1301C3EA63C81C61B                                         PGTFORNB14012013900003100                                                                                                                               00        
0330002300101J00034196557600000798001570859148398169066506000GUPE DISTR DE AUTOPECAS LTDA  12012013000000000079800000000000000000000000000000000140120130000000000798000000000000000002818                900003101           09      00        
0330002300102Z70976E1D6A2408A67867069                                         PGTFORNB14012013900003101                                                                                                                               00        
0330002300103J00034191557800000452661126111175502938000052000EATON LTDA                    14012013000000000045266000000000000000000000000000000140120130000000000452660000000000000002841                900003123           09      00        
0330002300104Z70976E1D331810961EE84F8                                         PGTFORNB14012013900003123                                                                                                                               00        
0330002300105J00034194557800000187451127091040072938000052000EATON LTDA                    14012013000000000018745000000000000000000000000000000140120130000000000187450000000000000002842                900003124           09      00        
0330002300106Z70976E1804C26A7F822FCE6                                         PGTFORNB14012013900003124                                                                                                                               00        
0330002300107J00034199557800000248561127144680660046365078000FELICIO VIGORITO FILHOS LTDA  14012013000000000024856000000000000000000000000000000140120130000000000248560000000000000002843                900003125           09      00        
0330002300108Z70976E1A5C8E404394C5287                                         PGTFORNB14012013900003125                                                                                                                               00        
0330002300109J00034191557800000506291126927914220765234976000GIANCAR DISTR AUTO PECAS LTDA 14012013000000000050629000000000000000000000000000000140120130000000000506290000000000000002844                900003126           09      00        
0330002300110Z70976E12642938759A807F5                                         PGTFORNB14012013900003126                                                                                                                               00        
03300025         000112000000000005751560000000000000000000310114                                                                                                                                                                               
03399999         000002000118000000                                                                                                                                                                                                             
