03300000         2054375370001370033006500490028050300065 0000480000414 AUTO GERAL DE ITU LTDA        SANTANDER                               22510201213161500000906000000                                                                     
03300011C2016030 2054375370001370033006500490028050300065 0000480000414 AUTO GERAL DE ITU LTDA                                                                              00000                                   00000000                    
0330001300001N000126                 900000420           AUTOGERAL DE ITU LTDA         25102012000000000300791008109020543753700013716300920120000000000000810900000000030079100000000000000000000000000000025102012                  00        
0330001300002Z70976E141250C51F20FB028                                         PGTFORNB25102012900000420                                                                                                                               00        
0330001300003N000152                 900000446           AUTO GERAL DE ITU LTDA        25102012000000001388268002172020543753700013716300920120000000000000000000000000138826800000000000000000000000000000025102012                  00        
0330001300004Z70976E16684BED6611C9FA7                                         PGTFORNB25102012900000446                                                                                                                               00        
03300015         000006000000000001689059000000000000000000161025                                                                                                                                                                               
03300021C2022030 2054375370001370033006500490028050300065 0000480000414 AUTO GERAL DE ITU LTDA                                                                              00000                                   00000000                    
0330002300001N000127                 900000421           AUTO GERAL DE ITU LTDA        2510201200000000062983900046202054375370001372225102012387034155115000000000000009201200000000000000000000006169450000000000055500000000000000 00        
0330002300002Z70976E147EC66B609FC717E                                         PGTFORNB25102012900000421                                                                                                                               00        
03300025         000004000000000000629839000000000000000000221025                                                                                                                                                                               
03399999         000002000012000000                                                                                                                                                                                                             
