03300000         2054375370001370033006500490028050300065 0000480000414 AUTO GERAL DE ITU LTDA        SANTANDER                               22712201202202300012706000000                                                                     
03300011C2030030 2054375370001370033006500490028050300065 0000480000414 AUTO GERAL DE ITU LTDA                                                                              00000                                   00000000                    
0330001300001J00035695556000000162990689070323440000004895586DISTRIBUIDORA AUTOMOTIVA S/A  27122012000000000016299000000000000000000000000000000271220120000000000162990000000000000002311                900002597           09      00        
0330001300002Z70976E1ACAE7A36BF8B4C0D                                         PGTFORNB27122012900002597                                                                                                                               00        
03300015         000004000000000000016299000000000000000000301227                                                                                                                                                                               
03300021C2031030 2054375370001370033006500490028050300065 0000480000414 AUTO GERAL DE ITU LTDA                                                                              00000                                   00000000                    
0330002300001J00034195556000000210181126514522480548006287000ELETROPAR AUTOPECAS LTDA      27122012000000000021018000000000000000000000000000000271220120000000000210180000000000000002312                900002598           09      00        
0330002300002Z70976E14E97A9D0624CC207                                         PGTFORNB27122012900002598                                                                                                                               00        
0330002300003J00023799556000001205993114091294868204301763000BANCO SAFRA S/A               27122012000000000120599000000000000000000000000000000271220120000000001205990000000000000002319                900002605           09      00        
0330002300004Z70976E1199AD09D1697AB24                                         PGTFORNB27122012900002605                                                                                                                               00        
0330002300005J00023792556000008444873372090000034365200595550FIDC MULTISETORIAL VALECRED LP27122012000000000844487000000000000000000000000000000271220120000000008444870000000000000002320                900002606           09      00        
0330002300006Z70976E1639C2B5395EF539D                                         PGTFORNB27122012900002606                                                                                                                               00        
0330002300007J00042291556000000656747115000051187559450518161ISAPA IMP COM LTDA            27122012000000000065674000000000000000000000000000000271220120000000000656740000000000000002321                900002607           09      00        
0330002300008Z70976E11593914731F6DB1D                                         PGTFORNB27122012900002607                                                                                                                               00        
0330002300009J00034197556000000599071124470530528351016152000MANDO MACHINERY LTDA          27122012000000000059907000000000000000000000000000000271220120000000000599070000000000000002322                900002608           09      00        
0330002300010Z70976E19FCB6F221E9CCCC9                                         PGTFORNB27122012900002608                                                                                                                               00        
0330002300011J00034193556000000132791090304231650109276204000GIRANDO COMERCIO DE PECAS LTDA27122012000000000013279000000000000000000000000000000271220120000000000132790000000000000002313                900002599           09      00        
0330002300012Z70976E1A52A2127AEC1FD03                                         PGTFORNB27122012900002599                                                                                                                               00        
0330002300013J00034193556000000103241090304229770109276204000GIRANDO COMERCIO DE PECAS LTDA27122012000000000010324000000000000000000000000000000271220120000000000103240000000000000002314                900002600           09      00        
0330002300014Z70976E1067DA12E8E6AEB32                                         PGTFORNB27122012900002600                                                                                                                               00        
0330002300015J00034199556000000033031090304229850109276204000GIRANDO COMERCIO DE PECAS LTDA27122012000000000003303000000000000000000000000000000271220120000000000033030000000000000002315                900002601           09      00        
0330002300016Z70976E164FD1BDEECF2D225                                         PGTFORNB27122012900002601                                                                                                                               00        
0330002300017J00034198556000000831351570575225948169066506000GUPE DISTR DE AUTOPECAS LTDA  27122012000000000083135000000000000000000000000000000271220120000000000831350000000000000002316                900002602           09      00        
0330002300018Z70976E19BCA0BCEE3373467                                         PGTFORNB27122012900002602                                                                                                                               00        
0330002300019J00000193556000003504280443234003601790000407011H S COMERCIO DE ADESIVOS LTDA 27122012000000000350428000000000000000000000000000000271220120000000003504280000000000000002317                900002603           09      00        
0330002300020Z70976E113BDC96600F2A9B2                                         PGTFORNB27122012900002603                                                                                                                               00        
0330002300021J00023797556000005023493114091294868202701763000BANCO SAFRA S/A               27122012000000000502349000000000000000000000000000000271220120000000005023490000000000000002318                900002604           09      00        
0330002300022Z70976E14A8317212ADFD57B                                         PGTFORNB27122012900002604                                                                                                                               00        
0330002300023J00023796556000000227743372090000016142205040000ABRAO REZE COM DE VEICULOS LTD27122012000000000022774000000000000000000000000000000271220120000000000227740000000000000002298                900002584           09      00        
0330002300024Z70976E1956096CB72FB4143                                         PGTFORNB27122012900002584                                                                                                                               00        
0330002300025J00034196556000003378931126394860030390497683000AUTIMEX COM IMPORTACAO E EXPOR27122012000000000337893000000000000000000000000000000271220120000000003378930000000000000002299                900002585           09      00        
0330002300026Z70976E1D9507B5076058A23                                         PGTFORNB27122012900002585                                                                                                                               00        
0330002300027J00023797556000000174863371090000833813200719500AVEBRAZ COMERCIO DE VEICULOS E27122012000000000017486000000000000000000000000000000271220120000000000174860000000000000002300                900002586           09      00        
0330002300028Z70976E1E85704B0476C1B38                                         PGTFORNB27122012900002586                                                                                                                               00        
0330002300029J00039992556000000199131765876448911960078237001BAP AUTOMOTIVA LTDA           27122012000000000019913000000000000000000000000000000271220120000000000199130000000000000002301                900002587           09      00        
0330002300030Z70976E1D7077391A5FD7564                                         PGTFORNB27122012900002587                                                                                                                               00        
0330002300031J00039998556000000241411765876447011960078237001BAP AUTOMOTIVA LTDA           27122012000000000024141000000000000000000000000000000271220120000000000241410000000000000002302                900002588           09      00        
0330002300032Z70976E191A3CCBA17F99C9B                                         PGTFORNB27122012900002588                                                                                                                               00        
0330002300033J00023797556000000653333114091293598242601763000BANCO SAFRA S/A               27122012000000000065333000000000000000000000000000000271220120000000000653330000000000000002303                900002589           09      00        
0330002300034Z70976E141CB3DA7F44B5EF8                                         PGTFORNB27122012900002589                                                                                                                               00        
0330002300035J00023791556000000339003114091294075734601763000BANCO SAFRA S/A               27122012000000000033900000000000000000000000000000000271220120000000000339000000000000000002304                900002590           09      00        
0330002300036Z70976E1CC00EBF07276E4EC                                         PGTFORNB27122012900002590                                                                                                                               00        
0330002300037J00034191556000000385001561593313424518080884000CAMPOS SALLES C LTDA EPP      27122012000000000038500000000000000000000000000000000271220120000000000385000000000000000002305                900002591           09      00        
0330002300038Z70976E1B02962640861BF56                                         PGTFORNB27122012900002591                                                                                                                               00        
0330002300039J00023795556000000283050495092338000019700995600CAOA CAMINHOES LTDA           27122012000000000028305000000000000000000000000000000271220120000000000283050000000000000002306                900002592           09      00        
0330002300040Z70976E1D76D0909C9E7AB19                                         PGTFORNB27122012900002592                                                                                                                               00        
0330002300041J00034191556000000058071090003007930278840913000CAPITAL EMBALAGENS DESCAT LTDA27122012000000000005807000000000000000000000000000000271220120000000000058070000000000000002307                900002593           09      00        
0330002300042Z70976E192850DB309A3CC2B                                         PGTFORNB27122012900002593                                                                                                                               00        
0330002300043J00034195556000000042501126417168920076000777000CENTER PECAS FABBRI LTDA      27122012000000000004250000000000000000000000000000000271220120000000000042500000000000000002308                900002594           09      00        
0330002300044Z70976E1DB0B5C0CAAC64BE2                                         PGTFORNB27122012900002594                                                                                                                               00        
0330002300045J00039994556000000329523200072764303436080189001COFIPE VEICULOS LTDA          27122012000000000032952000000000000000000000000000000271220120000000000329520000000000000002309                900002595           09      00        
0330002300046Z70976E15E09852D02277DA1                                         PGTFORNB27122012900002595                                                                                                                               00        
0330002300047J00023792556000000481553262090000030076000935470COMDIP COMERCIAL DISTR DE PECA27122012000000000048155000000000000000000000000000000271220120000000000481550000000000000002310                900002596           09      00        
0330002300048Z70976E1FBAD1F13C0ABC00E                                         PGTFORNB27122012900002596                                                                                                                               00        
0330002300049J00023791556000000583323394090000013316700324600MORELATE DISTRIBUIDORA DE AUTO27122012000000000058332000000000000000000000000000000271220120000000000583320000000000000002323                900002609           09      00        
0330002300050Z70976E1DD11B68FADD5E15D                                         PGTFORNB27122012900002609                                                                                                                               00        
0330002300051J00023798556000002161662500090256568915900000340ODAPEL DISTRIBUIDORA DE AUTO P27122012000000000216166000000000000000000000000000000271220120000000002161660000000000000002324                900002610           09      00        
0330002300052Z70976E117A8D40534648B6F                                         PGTFORNB27122012900002610                                                                                                                               00        
0330002300053J00023796556000000559422500090256568915800000340ODAPEL DISTRIBUIDORA DE AUTO P27122012000000000055942000000000000000000000000000000271220120000000000559420000000000000002325                900002611           09      00        
0330002300054Z70976E1395F84E6D9358D87                                         PGTFORNB27122012900002611                                                                                                                               00        
0330002300055J00039993556000000428902696546117404540096965001PELLEGRINO DISTRIBUIDORA DE AU27122012000000000042890000000000000000000000000000000271220120000000000428900000000000000002326                900002612           09      00        
0330002300056Z70976E130738CF65A53D77E                                         PGTFORNB27122012900002612                                                                                                                               00        
0330002300057J00039991556000000317638144667050604540096965001PELLEGRINO DISTRIBUIDORA DE AU27122012000000000031763000000000000000000000000000000271220120000000000317630000000000000002327                900002613           09      00        
0330002300058Z70976E17E264A255522ABC5                                         PGTFORNB27122012900002613                                                                                                                               00        
0330002300059J00034192556000001707561126948369770191074004000POLIPECAS COMERCIAL E IMPORTAD27122012000000000170756000000000011953000000000000000271220120000000001588030000000000000002328                900002614           09      00        
0330002300060Z70976E1D34978D6705EE653                                         PGTFORNB27122012900002614                                                                                                                               00        
0330002300061J00039992556000000687742315311456005313093513001REAL MOTO PECAS LTDA          27122012000000000068774000000000000000000000000000000271220120000000000687740000000000000002329                900002615           09      00        
0330002300062Z70976E1368491D2CF5BB75F                                         PGTFORNB27122012900002615                                                                                                                               00        
0330002300063J00039995556000000368202315325322605313093513001REAL MOTO PECAS LTDA          27122012000000000036820000000000000000000000000000000271220120000000000368200000000000000002330                900002616           09      00        
0330002300064Z70976E14B9CE63BC76574D3                                         PGTFORNB27122012900002616                                                                                                                               00        
0330002300065J00039997556000000748402315311371805313093513001REAL MOTO PECAS LTDA          27122012000000000074840000000000000000000000000000000271220120000000000748400000000000000002331                900002617           09      00        
0330002300066Z70976E17AC2484D2C6CC8CD                                         PGTFORNB27122012900002617                                                                                                                               00        
0330002300067J00039999556000000901542315331885905313093513001REAL MOTO PECAS LTDA          27122012000000000090154000000000000000000000000000000271220120000000000901540000000000000002332                900002618           09      00        
0330002300068Z70976E161023BE69A3AC568                                         PGTFORNB27122012900002618                                                                                                                               00        
0330002300069J00023797556000000300980545090000031162800705060TONINI DISTRIBUIDORA LTDA     27122012000000000030098000000000000000000000000000000271220120000000000300980000000000000002333                900002619           09      00        
0330002300070Z70976E1EAE34D26962136CD                                         PGTFORNB27122012900002619                                                                                                                               00        
0330002300071J00023791556000001281501998190000010217400503970VANUCCI IMPORTACAO EXPORT. E C27122012000000000128150000000000000000000000000000000271220120000000001281500000000000000002334                900002620           09      00        
0330002300072Z70976E1E1B559C0CA5CFB08                                         PGTFORNB27122012900002620                                                                                                                               00        
0330002300073J00000192556000004392568516950938903510000386218VOBER IND E COM LTDA          27122012000000000439256000000000000000000000000000000271220120000000004392560000000000000002335                900002621           09      00        
0330002300074Z70976E14D5C4EA3D2D41229                                         PGTFORNB27122012900002621                                                                                                                               00        
0330002300075J00034199556000000244521750000117248949044674000CENTRO AUTOMOTIVO ITUZAO LTDA 27122012000000000024452000000000000000000000000000000271220120000000000244520000000000000002336                900002622           09      00        
0330002300076Z70976E1C4DD898838CE1FCC                                         PGTFORNB27122012900002622                                                                                                                               00        
0330002300077J00034198556000000380131570898458530278483557000AUTO POSTO ESTRADAO DE ITU LTD27122012000000000038013000000000000000000000000000000271220120000000000380130000000000000002337                900002623           09      00        
0330002300078Z70976E147AD643216EC29F8                                         PGTFORNB27122012900002623                                                                                                                               00        
03300025         000080000000000004248365000000000000000000311227                                                                                                                                                                               
03399999         000002000086000000                                                                                                                                                                                                             
