03300000         2054375370001370033006500490028050300065 0000480000414 AUTO GERAL DE ITU LTDA        SANTANDER                               22612201203262900012406000000                                                                     
03300011C2030030 2054375370001370033006500490028050300065 0000480000414 AUTO GERAL DE ITU LTDA                                                                              00000                                   00000000                    
0330001300001J00003398555800000476709421259200000000396830101GUMP MOTORS COMPONENTES AUTOMO25122012000000000047670000000000000000000000000000000261220120000000000476700000000000000002246                900002528           09      00        
0330001300002Z70976E163D3B272678ED2FB                                         PGTFORNB26122012900002528                                                                                                                               00        
0330001300003J00003398555900001392929513931700000103595320101DISTRIBUIDORA AUTOMOTIVA S/A  26122012000000000139292000000000000000000000000000000261220120000000001392920000000000000002275                900002529           09      00        
0330001300004Z70976E1C5716AF4E7930F74                                         PGTFORNB26122012900002529                                                                                                                               00        
0330001300005J00003391555900000422709513931700000103612190101DISTRIBUIDORA AUTOMOTIVA S/A  26122012000000000042270000000000000000000000000000000261220120000000000422700000000000000002276                900002530           09      00        
0330001300006Z70976E1CA386B10BA0D6D81                                         PGTFORNB26122012900002530                                                                                                                               00        
0330001300007J00003391555900004710729482285400000091812880203JOFUND S/A                    26122012000000000471072000000000000000000000000000000261220120000000004710720000000000000002285                900002531           09      00        
0330001300008Z70976E12F72B6260060CC3F                                         PGTFORNB26122012900002531                                                                                                                               00        
0330001300009J00035696555900000236220689070323430000004895066DISTRIBUIDORA AUTOMOTIVA S/A  26122012000000000023622000000000000000000000000000000261220120000000000236220000000000000002274                900002564           09      00        
0330001300010Z70976E1D0E354EF6F74764B                                         PGTFORNB26122012900002564                                                                                                                               00        
0330001300011J00035695555900000197060689070323480000004895046DISTRIBUIDORA AUTOMOTIVA S/A  26122012000000000019706000000000000000000000000000000261220120000000000197060000000000000002277                900002565           09      00        
0330001300012Z70976E14991E3E60B306AFB                                         PGTFORNB26122012900002565                                                                                                                               00        
0330001300013J00035697555900000309500689070323460000004895030DISTRIBUIDORA AUTOMOTIVA S/A  26122012000000000030950000000000000000000000000000000261220120000000000309500000000000000002278                900002566           09      00        
0330001300014Z70976E14470BBFCC9D43E7A                                         PGTFORNB26122012900002566                                                                                                                               00        
0330001300015J00035697555900000417030689070323490000004895110DISTRIBUIDORA AUTOMOTIVA S/A  26122012000000000041703000000000000000000000000000000261220120000000000417030000000000000002279                900002567           09      00        
0330001300016Z70976E187758558EDA1330A                                         PGTFORNB26122012900002567                                                                                                                               00        
0330001300017J00035692555900000169180689070323490000004895334DISTRIBUIDORA AUTOMOTIVA S/A  26122012000000000016918000000000000000000000000000000261220120000000000169180000000000000002280                900002568           09      00        
0330001300018Z70976E112512E303E0090EB                                         PGTFORNB26122012900002568                                                                                                                               00        
03300015         000020000000000000833203000000000000000000301226                                                                                                                                                                               
03300021C2031030 2054375370001370033006500490028050300065 0000480000414 AUTO GERAL DE ITU LTDA                                                                              00000                                   00000000                    
0330002300001J00034191555900001399581125502222962938000052000EATON LTDA                    26122012000000000139958000000000000000000000000000000261220120000000001399580000000000000002281                900002569           09      00        
0330002300002Z70976E1BF00504C58AEAD73                                         PGTFORNB26122012900002569                                                                                                                               00        
0330002300003J00000196555800001823670000001244482993005360517RPT DISTRIBUIDORA DE AUTO PECA25122012000000000182367000000000000000000000000000000261220120000000001823670000000000000002255                900002545           09      00        
0330002300004Z70976E1CB1598F3F5E6C68A                                         PGTFORNB26122012900002545                                                                                                                               00        
0330002300005J00023792555800000400814130074130005872700050880SOUZA RAMOS COM E IMP LTDA    25122012000000000040081000000000000000000000000000000261220120000000000400810000000000000002256                900002546           09      00        
0330002300006Z70976E142656AAA842860DE                                         PGTFORNB26122012900002546                                                                                                                               00        
0330002300007J00034196555800005708741126723794463184597502000UNIVERSAL AUTOMOTIVE SYSTEMS S25122012000000000570874000000000000000000000000000000261220120000000005708740000000000000002257                900002547           09      00        
0330002300008Z70976E14A5976535E721864                                         PGTFORNB26122012900002547                                                                                                                               00        
0330002300009J00034191555800000983501125389770033184597502000UNIVERSAL AUTOMOTIVE SYSTEMS S25122012000000000098350000000000000000000000000000000261220120000000000983500000000000000002258                900002548           09      00        
0330002300010Z70976E1ACA3075404F37BFE                                         PGTFORNB26122012900002548                                                                                                                               00        
0330002300011J00023796555800000695652002061201384259100829680COMERCIAL AUTOMOTIVA S.A.     25122012000000000069565000000000000000000000000000000261220120000000000695650000000000000002241                900002532           09      00        
0330002300012Z70976E159284FFE88349713                                         PGTFORNB26122012900002532                                                                                                                               00        
0330002300013J00039992555900000297001764059540004570524809001F CONFUORTO IND COM PCS LTDA  26122012000000000029700000000000000000000000000000000261220120000000000297000000000000000002282                900002570           09      00        
0330002300014Z70976E1C361587CB52403CC                                         PGTFORNB26122012900002570                                                                                                                               00        
0330002300015J00000193555900011881060000001597457122141508617PETROBRAS DISTRIBUIDORA       26122012000000001188106000000000000000000000000000000261220120000000011881060000000000000002288                900002575           09      00        
0330002300016Z70976E1D95F8148A3220DBC                                         PGTFORNB26122012900002575                                                                                                                               00        
0330002300017J00000194555900003232850000001597457122141508817PETROBRAS DISTRIBUIDORA       26122012000000000323285000000000000000000000000000000261220120000000003232850000000000000002289                900002576           09      00        
0330002300018Z70976E15EEFA470A12C90ED                                         PGTFORNB26122012900002576                                                                                                                               00        
0330002300019J00000191555900000851310000001597457122142380517PETROBRAS DISTRIBUIDORA       26122012000000000085131000000000000000000000000000000261220120000000000851310000000000000002290                900002577           09      00        
0330002300020Z70976E19266EF2E55C7EBE8                                         PGTFORNB26122012900002577                                                                                                                               00        
0330002300021J00010491555900007809439100006009014500300501989PRADOLUX IND E COM LTDA       26122012000000000780943000000000000000000000000000000261220120000000007809430000000000000002291                900002578           09      00        
0330002300022Z70976E1CFB579C3F7A90C6E                                         PGTFORNB26122012900002578                                                                                                                               00        
0330002300023J00000197555900003912760443207311829490000659811SAMBEL INDUSTRIA E COMERCIO DE26122012000000000391276000000000000000000000000000000261220120000000003912760000000000000002292                900002579           09      00        
0330002300024Z70976E11D4E461EF25E9F74                                         PGTFORNB26122012900002579                                                                                                                               00        
0330002300025J00034193555900000349101126344919170077218592000TOP DE LINHA AUTO PECAS LTDA  26122012000000000034910000000000000000000000000000000261220120000000000349100000000000000002293                900002580           09      00        
0330002300026Z70976E1A4384A68F53E0945                                         PGTFORNB26122012900002580                                                                                                                               00        
0330002300027J00034197555900000876211570893802386260139677000ABDELNOR II COM COMB LTDA     26122012000000000087621000000000000000000000000000000261220120000000000876210000000000000002295                900002581           09      00        
0330002300028Z70976E12715D8B1110A2A0A                                         PGTFORNB26122012900002581                                                                                                                               00        
0330002300029J00034196555900000398391090304211020109276204000GIRANDO COMERCIO DE PECAS LTDA26122012000000000039839000000000000000000000000000000261220120000000000398390000000000000002283                900002571           09      00        
0330002300030Z70976E1BCAB1C03432D4C25                                         PGTFORNB26122012900002571                                                                                                                               00        
0330002300031J00023799555900000780063391092345000003900105070FIDC EMPIRICA SIFRA STAR      26122012000000000078006000000000000000000000000000000261220120000000000780060000000000000002284                900002572           09      00        
0330002300032Z70976E1C8EBCFD4984A1BF2                                         PGTFORNB26122012900002572                                                                                                                               00        
0330002300033J00023797555900000176043394090000013232700324600MORELATE DISTRIBUIDORA DE AUTO26122012000000000017604000000000000000000000000000000261220120000000000176040000000000000002286                900002573           09      00        
0330002300034Z70976E13C1CC42241F8B2E3                                         PGTFORNB26122012900002573                                                                                                                               00        
0330002300035J00000199555900008263020000001597457122141509017PETROBRAS DISTRIBUIDORA       26122012000000000826302000000000000000000000000000000261220120000000008263020000000000000002287                900002574           09      00        
0330002300036Z70976E1E6D313D507C4940B                                         PGTFORNB26122012900002574                                                                                                                               00        
0330002300037J00034199555800000302681126425739122938000052000EATON LTDA                    25122012000000000030268000000000000000000000000000000261220120000000000302680000000000000002242                900002533           09      00        
0330002300038Z70976E170BEF5E49505E2D9                                         PGTFORNB26122012900002533                                                                                                                               00        
0330002300039J00034193555800000340941125995310792938000052000EATON LTDA                    25122012000000000034094000000000000000000000000000000261220120000000000340940000000000000002243                900002534           09      00        
0330002300040Z70976E150F9C16D73B0A8AC                                         PGTFORNB26122012900002534                                                                                                                               00        
0330002300041J00034199555800000349741098887882170046365078000FELICIO VIGORITO FILHOS LTDA  25122012000000000034974000000000000000000000000000000261220120000000000349740000000000000002244                900002535           09      00        
0330002300042Z70976E11B92F2666F09CEB3                                         PGTFORNB26122012900002535                                                                                                                               00        
0330002300043J00034192555800000780001125797986560765234976000GIANCAR DISTR AUTO PECAS LTDA 25122012000000000078000000000000000000000000000000000261220120000000000780000000000000000002245                900002536           09      00        
0330002300044Z70976E184F1F42D11D96264                                         PGTFORNB26122012900002536                                                                                                                               00        
0330002300045J00023795555800001704953372090000034308500595550FIDC MULTISETORIAL VALECRED LP25122012000000000170495000000000000000000000000000000261220120000000001704950000000000000002247                900002537           09      00        
0330002300046Z70976E16221120CF9B79796                                         PGTFORNB26122012900002537                                                                                                                               00        
0330002300047J00023799555800000291251911092327000002000178030LNG IMP EXP DE AUTOPECAS LTDA 25122012000000000029125000000000000000000000000000000261220120000000000291250000000000000002248                900002538           09      00        
0330002300048Z70976E164B823342C7A24F5                                         PGTFORNB26122012900002538                                                                                                                               00        
0330002300049J00023794555800003896552028192326000002600375550MASTER SISTEMAS AUTOMOTIVOS LT25122012000000000389655000000000000000000000000000000261220120000000003896550000000000000002249                900002539           09      00        
0330002300050Z70976E116B4C4698F27B7E4                                         PGTFORNB26122012900002539                                                                                                                               00        
0330002300051J00004193555800005495842118022997501000059104108MAZI AUTOMOTIVA LTDA          25122012000000000549584000000000000000000000000000000261220120000000005495840000000000000002250                900002540           09      00        
0330002300052Z70976E163DE1F5A26A4B18D                                         PGTFORNB26122012900002540                                                                                                                               00        
0330002300053J00034191555800002187001126777890860018215004000MEF SUL C I EXPORTACAO LTDA   25122012000000000218700000000000000000000000000000000261220120000000002187000000000000000002251                900002541           09      00        
0330002300054Z70976E1A31E819F305FABEA                                         PGTFORNB26122012900002541                                                                                                                               00        
0330002300055J00039996555800000391938144666906004540096965001PELLEGRINO DISTRIBUIDORA DE AU25122012000000000039193000000000000000000000000000000261220120000000000391930000000000000002252                900002542           09      00        
0330002300056Z70976E187DD82D5BC41D16F                                         PGTFORNB26122012900002542                                                                                                                               00        
0330002300057J00039991555800005599692315314972005313093513001REAL MOTO PECAS LTDA          25122012000000000559969000000000000000000000000000000261220120000000005599690000000000000002253                900002543           09      00        
0330002300058Z70976E1ACD61FBAD06D9377                                         PGTFORNB26122012900002543                                                                                                                               00        
0330002300059J00039998555800002295612315315687505313093513001REAL MOTO PECAS LTDA          25122012000000000229561000000000000000000000000000000261220120000000002295610000000000000002254                900002544           09      00        
0330002300060Z70976E19472D8EAB959149D                                         PGTFORNB26122012900002544                                                                                                                               00        
0330002300061J00023799555800000258000092092333000000800165930WILSON RUSSO AUTOPECAS LTDA   25122012000000000025800000000000000000000000000000000261220120000000000258000000000000000002259                900002549           09      00        
0330002300062Z70976E10301450286A20710                                         PGTFORNB26122012900002549                                                                                                                               00        
0330002300063J00023793555900001065001316090000009472800009000APS DISTRIBUIDORA DE AUTOPECAS26122012000000000106500000000000000000000000000000000261220120000000001065000000000000000002260                900002550           09      00        
0330002300064Z70976E18A0CFEF83A522879                                         PGTFORNB26122012900002550                                                                                                                               00        
0330002300065J00023797555900001610451316090000009486000009000APS DISTRIBUIDORA DE AUTOPECAS26122012000000000161045000000000000000000000000000000261220120000000001610450000000000000002261                900002551           09      00        
0330002300066Z70976E12654646314E63ED7                                         PGTFORNB26122012900002551                                                                                                                               00        
0330002300067J00039994555900000303881765763350011960078237001BAP AUTOMOTIVA LTDA           26122012000000000030388000000000000000000000000000000261220120000000000303880000000000000002262                900002552           09      00        
0330002300068Z70976E1825DE5F6FEF4277B                                         PGTFORNB26122012900002552                                                                                                                               00        
0330002300069J00023799555900000759293114091294560757101763000BANCO SAFRA S/A               26122012000000000075929000000000000000000000000000000261220120000000000759290000000000000002263                900002553           09      00        
0330002300070Z70976E11549B353B7242E1D                                         PGTFORNB26122012900002553                                                                                                                               00        
0330002300071J00034196555900001354001126364504811248021303000BANCO FIBRA SA                26122012000000000135400000000000000000000000000000000261220120000000001354000000000000000002264                900002554           09      00        
0330002300072Z70976E17799830A9D61C0A8                                         PGTFORNB26122012900002554                                                                                                                               00        
0330002300073J00023793555900000513243392022326000011701078260MF CAMBUCI DISTR DE AUTOPECAS 26122012000000000051324000000000000000000000000000000261220120000000000513240000000000000002265                900002555           09      00        
0330002300074Z70976E1DE87B125BA14DB8B                                         PGTFORNB26122012900002555                                                                                                                               00        
0330002300075J00034198555900000021001126417168350076000777000CENTER PECAS FABBRI LTDA      26122012000000000002100000000000000000000000000000000261220120000000000021000000000000000002266                900002556           09      00        
0330002300076Z70976E14C222223D1830C3E                                         PGTFORNB26122012900002556                                                                                                                               00        
0330002300077J00034197555900000048501126417168840076000777000CENTER PECAS FABBRI LTDA      26122012000000000004850000000000000000000000000000000261220120000000000048500000000000000002267                900002557           09      00        
0330002300078Z70976E14BEE4E733806101E                                         PGTFORNB26122012900002557                                                                                                                               00        
0330002300079J00034192555900000021001126417168760076000777000CENTER PECAS FABBRI LTDA      26122012000000000002100000000000000000000000000000000261220120000000000021000000000000000002268                900002558           09      00        
0330002300080Z70976E166C1630693E42FEC                                         PGTFORNB26122012900002558                                                                                                                               00        
0330002300081J00034196555900000048501126417168680076000777000CENTER PECAS FABBRI LTDA      26122012000000000004850000000000000000000000000000000261220120000000000048500000000000000002269                900002559           09      00        
0330002300082Z70976E12A3A2F0A4636F01C                                         PGTFORNB26122012900002559                                                                                                                               00        
0330002300083J00034194555900000013201126417168500076000777000CENTER PECAS FABBRI LTDA      26122012000000000001320000000000000000000000000000000261220120000000000013200000000000000002270                900002560           09      00        
0330002300084Z70976E1844925433D529C95                                         PGTFORNB26122012900002560                                                                                                                               00        
0330002300085J00034192555900000063001126417168430076000777000CENTER PECAS FABBRI LTDA      26122012000000000006300000000000000000000000000000000261220120000000000063000000000000000002271                900002561           09      00        
0330002300086Z70976E1E53AA48844FD70F1                                         PGTFORNB26122012900002561                                                                                                                               00        
0330002300087J00034197555900001891581090019797411012930309000DECAR AUTOPECAS LTDA          26122012000000000189158000000000000000000000000000000261220120000000001891580000000000000002272                900002562           09      00        
0330002300088Z70976E1C9BCC8AA7B0DDB6B                                         PGTFORNB26122012900002562                                                                                                                               00        
0330002300089J00034193555900006367671125424095552938030539000DELPHI AUTOM SYSTEMS BR LTDA  26122012000000000636767000000000000000000000000000000261220120000000006367670000000000000002273                900002563           09      00        
0330002300090Z70976E1EEB1388350225D09                                         PGTFORNB26122012900002563                                                                                                                               00        
03300025         000092000000000008781367000000000000000000311226                                                                                                                                                                               
03300031C2003031 2054375370001370033006500490028050300065 0000480000414 AUTO GERAL DE ITU LTDA                                                                              00000                                   00000000                    
0330003300001A0007002370337100000000719501 AVEBRAZ COMERCIO DE VEICULOS E2296                26122012BRL000000000000000000000000019112900002526           26122012000000000019112                                        07          000        
0330003300002B   205368144000119                              00000                                                  00000000  261220120000000000191120000000000000000000000000000000000000000000000000000000000000000                00        
0330003300003Z70976E163D4EEE064D7C7F7                                         PGTFORNB26122012900002526                                                                                                                               00        
0330003300004A0007000010154660000002050374 GERAL PARTS COM PECAS E ABRASI2297                26122012BRL000000000000000000000000030993900002527           26122012000000000030993                                        07          000        
0330003300005B   252472438000176                              00000                                                  00000000  261220120000000000309930000000000000000000000000000000000000000000000000000000000000000                00        
0330003300006Z70976E1FD3363433466DF81                                         PGTFORNB26122012900002527                                                                                                                               00        
03300035         000008000000000000050105000000000000000000031226                                                                                                                                                                               
03399999         000003000122000000                                                                                                                                                                                                             
