03300000         2054375370001370033006500490028050300065 0000480000414 AUTO GERAL DE ITU LTDA        SANTANDER                               21101201310281700015106000000                                                                     
03300011C2011030 2054375370001370033006500490028050300065 0000480000414 AUTO GERAL DE ITU LTDA                                                                              00000                                   00000000                    
0330001300001O00085660000000741600253038760416212761000044513SEFAZ SP IPVA                 11012013110120130000000000074162803                900003085                                                                               00        
0330001300002Z70976E10957E5FF09436108                                         PGTFORNB11012013900003085                                                                                                                               00        
0330001300003O00085690000000826400253038760503226201000044513SEFAZ SP IPVA                 11012013110120130000000000082642804                900003086                                                                               00        
0330001300004Z70976E1EFA0233F030D8751                                         PGTFORNB11012013900003086                                                                                                                               00        
0330001300005O00085690000000935200253066950511092481000044513SEFAZ SP IPVA                 11012013110120130000000000093522805                900003087                                                                               00        
0330001300006Z70976E14E9FA382C8F85D46                                         PGTFORNB11012013900003087                                                                                                                               00        
0330001300007O00085620000000688700253038760410232191000044513SEFAZ SP IPVA                 11012013110120130000000000068872806                900003088                                                                               00        
0330001300008Z70976E17AAD9B69E1C3D905                                         PGTFORNB11012013900003088                                                                                                                               00        
0330001300009O00085610000000954400253066950523057891000044513SEFAZ SP IPVA                 11012013110120130000000000095442807                900003089                                                                               00        
0330001300010Z70976E18A37A661FFBB85D8                                         PGTFORNB11012013900003089                                                                                                                               00        
0330001300011O00085690000000954400253066950523057851000044513SEFAZ SP IPVA                 11012013110120130000000000095442808                900003090                                                                               00        
0330001300012Z70976E1D3F91069B3E240B6                                         PGTFORNB11012013900003090                                                                                                                               00        
0330001300013O00085660000008017200253038760602027511000044513SEFAZ SP IPVA                 11012013110120130000000000801722809                900003091                                                                               00        
0330001300014Z70976E1C27FE3505729962D                                         PGTFORNB11012013900003091                                                                                                                               00        
03300015         000016000000000000131179000000000000000000110111                                                                                                                                                                               
03399999         000001000018000000                                                                                                                                                                                                             
