03300000         2054375370001370033006500490028050300065 0000480000414 AUTO GERAL DE ITU LTDA        SANTANDER                               23011201202313200007006000000                                                                     
03300011C2030030 2054375370001370033006500490028050300065 0000480000414 AUTO GERAL DE ITU LTDA                                                                              00000                                   00000000                    
0330001300001J00003395553300000894629513931700000103399060101DISTRIBUIDORA AUTOMOTIVA      30112012000000000089462000000000000000000000000000000301120120000000000894620000000000000001280                900001560           09      B1        
0330001300002J00035693553300000097830689070323420000004891355DISTRIBUIDORA AUTOMOTIVA      30112012000000000009783000000000000000000000000000000301120120000000000097830000000000000001282                900001571           09      B1        
0330001300003J00035696553300000142800689070323470000004891376DISTRIBUIDORA AUTOMOTIVA      30112012000000000014280000000000000000000000000000000301120120000000000142800000000000000001283                900001572           09      B1        
0330001300004J00035691553300000933600689070323420000004891462DISTRIBUIDORA AUTOMOTIVA      30112012000000000093360000000000000000000000000000000301120120000000000933600000000000000001284                900001573           09      B1        
0330001300005J00003397553300000347899513931700000103400760101DISTRIBUIDORA AUTOMOTIVA      30112012000000000034789000000000000000000000000000000301120120000000000347890000000000000001281                900001561           09      B1        
03300015         000007000000000000241674000000000000000000                                                                                                                                                                                     
03300021C2031030 2054375370001370033006500490028050300065 0000480000414 AUTO GERAL DE ITU LTDA                                                                              00000                                   00000000                    
0330002300001J00023795553300000882003316190000001035800088700AGRAMDIESEL COM IMP E EXP LTDA30112012000000000088200000000000000000000000000000000301120120000000000882000000000000000001271                900001562           09      B1        
0330002300002J00039996553300000374332053178356605313093513001REAL MOTO PECAS LTDA          30112012000000000037433000000000000000000000000000000301120120000000000374330000000000000001301                900001590           09      B1        
0330002300003J00039999553300007167052053177713205313093513001REAL MOTO PECAS LTDA          30112012000000000716705000000000000000000000000000000301120120000000007167050000000000000001302                900001591           09      B1        
0330002300004J00039993553300001058472053186385305313093513001REAL MOTO PECAS LTDA          30112012000000000105847000000000000000000000000000000301120120000000001058470000000000000001303                900001592           09      B1        
0330002300005J00039996553300000343162053176607605313093513001REAL MOTO PECAS LTDA          30112012000000000034316000000000000000000000000000000301120120000000000343160000000000000001304                900001593           09      B1        
0330002300006J00039991553300001886962053186289005313093513001REAL MOTO PECAS LTDA          30112012000000000188696000000000000000000000000000000301120120000000001886960000000000000001305                900001594           09      B1        
0330002300007J00039997553300003948712671466832203435718856001SERASA S.A                    30112012000000000394871000000000000000000000000000000301120120000000003948710000000000000001306                900001595           09      B1        
0330002300008J00000199553300000078000000001555704202000111217VIRTUAL EXPRESS TRANSP E LOGIS30112012000000000007800000000000000000000000000000000301120120000000000078000000000000000001307                900001596           09      B1        
0330002300009J00010493553300000028539786171517705437537000124SIND EMPR COM DE ITU E REGIAO 30112012000000000002853000000000000000000000000000000301120120000000000028530000000000000001308                900001597           09      B1        
0330002300010J00034193553300000336251570527890004522114471000COML NV MILLENNIUM A P LTD EPP30112012000000000033625000000000001681000000000000000301120120000000000319440000000000000001310                900001598           09      B1        
0330002300011J00034191553300002020751125763419300360545834000COBRA ROLAMENTOS AUTOPECAS LTD30112012000000000202075000000000130816000000000000000301120120000000000712590000000000000001275                900001566           09      B1        
0330002300012J00039996553300000198361764073581311960078237001BAP AUTOMOTIVA LTDA           30112012000000000019836000000000000000000000000000000301120120000000000198360000000000000001272                900001563           09      B1        
0330002300013J00023792553300000372373381090000008910901801540BRASILWAGEN COM VEICULOS SA   30112012000000000037237000000000000000000000000000000301120120000000000372370000000000000001273                900001564           09      B1        
0330002300014J00023799553300000478263392022304000026201078260MF CAMBUCI DISTR DE AUTOPECAS 30112012000000000047826000000000000000000000000000000301120120000000000478260000000000000001274                900001565           09      B1        
0330002300015J00034191553300000149481125763423180360545834000COBRA ROLAMENTOS AUTOPECAS LTD30112012000000000014948000000000000000000000000000000301120120000000000149480000000000000001276                900001567           09      B1        
0330002300016J00034191553300000281981125763423670360545834000COBRA ROLAMENTOS AUTOPECAS LTD30112012000000000028198000000000000000000000000000000301120120000000000281980000000000000001277                900001568           09      B1        
0330002300017J00023799553300000759403262090000029333600935470COMDIP COMERCIAL DISTR DE PECA30112012000000000075940000000000000000000000000000000301120120000000000759400000000000000001278                900001569           09      B1        
0330002300018J00023794553300000380423262090000030850600935470COMDIP COMERCIAL DISTR DE PECA30112012000000000038042000000000000000000000000000000301120120000000000380420000000000000001279                900001570           09      B1        
0330002300019J00023794553300000252290138092300000006401370000BBL SISTEMAS OPERACIONAIS LTDA30112012000000000025229000000000000000000000000000000301120120000000000252290000000000000001285                900001574           09      B1        
0330002300020J00034198553300000217271124714861782938000052000EATON  LTDA                   30112012000000000021727000000000000000000000000000000301120120000000000217270000000000000001286                900001575           09      B1        
0330002300021J00034192553300000083701124714862512938000052000EATON  LTDA                   30112012000000000008370000000000000000000000000000000301120120000000000083700000000000000001287                900001576           09      B1        
0330002300022J00034195553300000073871124714866242938000052000EATON  LTDA                   30112012000000000007387000000000000000000000000000000301120120000000000073870000000000000001288                900001577           09      B1        
0330002300023J00034196553300000065961125148986372938000052000EATON  LTDA                   30112012000000000006596000000000000000000000000000000301120120000000000065960000000000000001289                900001578           09      B1        
0330002300024J00034193553300000209691124714867722938000052000EATON  LTDA                   30112012000000000020969000000000000000000000000000000301120120000000000209690000000000000001290                900001579           09      B1        
0330002300025J00023794553300000289174130072321000125805005930FW DISTRIBUIDORA LTDA         30112012000000000028917000000000000000000000000000000301120120000000000289170000000000000001291                900001580           09      B1        
0330002300026J00034191553300000655991090304078950109276204000GIRANDO COM DE PECAS LTDA     30112012000000000065599000000000000000000000000000000301120120000000000655990000000000000001292                900001581           09      B1        
0330002300027J00034191553300000196071090304084140109276204000GIRANDO COM DE PECAS LTDA     30112012000000000019607000000000000000000000000000000301120120000000000196070000000000000001293                900001582           09      B1        
0330002300028J00034195553300000138631090304079290109276204000GIRANDO COM DE PECAS LTDA     30112012000000000013863000000000000000000000000000000301120120000000000138630000000000000001294                900001583           09      B1        
0330002300029J00039991553300000308941761257144903280030090001ITAVEMA ITALIA VEIC E MAQUINAS30112012000000000030894000000000000000000000000000000301120120000000000308940000000000000001295                900001584           09      B1        
0330002300030J00034192553300000337001125410826192938074016000ITAVOX VEICULOS               30112012000000000033700000000000000000000000000000000301120120000000000337000000000000000001296                900001585           09      B1        
0330002300031J00023792553300000338423394090000012079400324600MORELAT DISTRIBUIDORA DE AUTO 30112012000000000033842000000000000000000000000000000301120120000000000338420000000000000001297                900001586           09      B1        
0330002300032J00039997553300000727021764101423004540096965001PELLEGRINO COM DISTR DE AUTOPE30112012000000000072702000000000000000000000000000000301120120000000000727020000000000000001298                900001587           09      B1        
0330002300033J00000192553300004068030000002096856000002045517PRV COM DE PECAS LTDA         30112012000000000406803000000000000000000000000000000301120120000000004068030000000000000001299                900001588           09      B1        
0330002300034J00000195553300000363450000002096856000002163017PRV COM DE PECAS LTDA         30112012000000000036345000000000000000000000000000000301120120000000000363450000000000000001300                900001589           09      B1        
03300025         000036000000000002774501000000000000000000                                                                                                                                                                                     
03399999         000002000045000000                                                                                                                                                                                                             
