03300000         2054375370001370033006500490028050300065 0000480000414 AUTO GERAL DE ITU LTDA        SANTANDER                               21712201203470200010606000000                                                                     
03300011C2030030 2054375370001370033006500490028050300065 0000480000414 AUTO GERAL DE ITU LTDA                                                                              00000                                   00000000                    
0330001300001J00003392555000001405449421871000000000106230104AUTIMEX COM IMPORTACAO E EXPOR17122012000000000140544000000000000000000000000000000171220120000000001405440000000000000001875                900002140           09      00        
0330001300002Z70976E115A94DF33E0FE234                                         PGTFORNB17122012900002140                                                                                                                               00        
0330001300003J00003396555000000201729513931700000103531190101DISTRIBUIDORA AUTOMOTIVA S/A  17122012000000000020172000000000000000000000000000000171220120000000000201720000000000000001888                900002141           09      00        
0330001300004Z70976E1E8E1015DDA3FC277                                         PGTFORNB17122012900002141                                                                                                                               00        
0330001300005J00003394555000000184829513931700000103534020101DISTRIBUIDORA AUTOMOTIVA S/A  17122012000000000018482000000000000000000000000000000171220120000000000184820000000000000001889                900002142           09      00        
0330001300006Z70976E15D32D5254AA2050B                                         PGTFORNB17122012900002142                                                                                                                               00        
0330001300007J00003393554800000120009379815100000000139270101INDA FIRE EQTOS DE COMBATE A I15122012000000000012000000000000000000000000000000000171220120000000000120000000000000000001913                900002143           09      00        
0330001300008Z70976E12C15C7CB96F3ACB1                                         PGTFORNB17122012900002143                                                                                                                               00        
0330001300009J00035695555000000207740689070323480000004893736DISTRIBUIDORA AUTOMOTIVA S/A  17122012000000000020774000000000000000000000000000000171220120000000000207740000000000000001887                900002183           09      00        
0330001300010Z70976E13EEB7C0F21B70D5B                                         PGTFORNB17122012900002183                                                                                                                               00        
0330001300011J00035696555000000258500689070323400000004893684DISTRIBUIDORA AUTOMOTIVA S/A  17122012000000000025850000000000000000000000000000000171220120000000000258500000000000000001890                900002184           09      00        
0330001300012Z70976E1382ADD31C2843A4E                                         PGTFORNB17122012900002184                                                                                                                               00        
0330001300013J00003393554800001625009126436200000010108080102NOVA RADIO REGIONAL LTDA      15122012000000000162500000000000000000000000000000000171220120000000001625000000000000000001914                900002144           09      00        
0330001300014Z70976E114EAA9A80FA33306                                         PGTFORNB17122012900002144                                                                                                                               00        
0330001300015J00003391554800001596009128344800001000363500101RADIO CIDADE DE ITU LTDA      15122012000000000159600000000000000000000000000000000171220120000000001596000000000000000001915                900002145           09      00        
0330001300016Z70976E16D23FDFF7585277E                                         PGTFORNB17122012900002145                                                                                                                               00        
03300015         000018000000000000559922000000000000000000301217                                                                                                                                                                               
03300021C2003031 2054375370001370033006500490028050300065 0000480000414 AUTO GERAL DE ITU LTDA                                                                              00000                                   00000000                    
0330002300001A3330183410016800000000435800 MEGA FREIOS DISTR E SERVS P/ V1938                17122012BRL000000000000000000000001157004900002138           17122012000000001157004                                        05          0ZAZ7      
0330002300002B   205197228000137                              00000                                                  00000000  171220120000000011570040000000000000000000000000000000000000000000000000000000000000000                ZAZ7      
03300025         000004000000000001157004000000000000000000031217                                                                                                                                                                               
03300031C2031030 2054375370001370033006500490028050300065 0000480000414 AUTO GERAL DE ITU LTDA                                                                              00000                                   00000000                    
0330003300001J00034191554800000021811125192440272938000052000EATON LTDA                    15122012000000000002181000000000000000000000000000000171220120000000000021810000000000000001849                900002146           09      00        
0330003300002Z70976E1D1DFBC9A558EA92A                                         PGTFORNB17122012900002146                                                                                                                               00        
0330003300003J00034191555000000276001125274942832938000052000EATON LTDA                    17122012000000000027600000000000000000000000000000000171220120000000000276000000000000000001891                900002185           09      00        
0330003300004Z70976E19C1E18137E71B848                                         PGTFORNB17122012900002185                                                                                                                               00        
0330003300005J00034194555000000065131125274957692938000052000EATON LTDA                    17122012000000000006513000000000000000000000000000000171220120000000000065130000000000000001892                900002186           09      00        
0330003300006Z70976E18065B7489DC8AACE                                         PGTFORNB17122012900002186                                                                                                                               00        
0330003300007J00034192555000000466381126110895442938000052000EATON LTDA                    17122012000000000046638000000000000000000000000000000171220120000000000466380000000000000001893                900002187           09      00        
0330003300008Z70976E1C0930F20BAA80CFB                                         PGTFORNB17122012900002187                                                                                                                               00        
0330003300009J00034193555000001752631126580218552938017569000FRAS-LE S/A                   17122012000000000175263000000000000000000000000000000171220120000000001752630000000000000001894                900002188           09      00        
0330003300010Z70976E165E0F1F7AA767172                                         PGTFORNB17122012900002188                                                                                                                               00        
0330003300011J00034196554800000825761125192436312938000052000EATON LTDA                    15122012000000000082576000000000000000000000000000000171220120000000000825760000000000000001850                900002147           09      00        
0330003300012Z70976E1B8071ACEDA637BF4                                         PGTFORNB17122012900002147                                                                                                                               00        
0330003300013J00034191554800014205021126515317515574053863000FAROL FOMENTO MERCANTIL LTDA  15122012000000001420502000000000000000000000000000000171220120000000014205020000000000000001851                900002148           09      00        
0330003300014Z70976E18FC6BE4A351E80A5                                         PGTFORNB17122012900002148                                                                                                                               00        
0330003300015J00023796554800003468192500090256568281100000340ODAPEL DISTRIBUIDORA DE AUTO P15122012000000000346819000000000000000000000000000000171220120000000003468190000000000000001852                900002149           09      00        
0330003300016Z70976E14C80906B29C2090D                                         PGTFORNB17122012900002149                                                                                                                               00        
0330003300017J00023791554800000238882500090256568302400000340ODAPEL DISTRIBUIDORA DE AUTO P15122012000000000023888000000000000000000000000000000171220120000000000238880000000000000001853                900002150           09      00        
0330003300018Z70976E1BB78B97BA4EFD413                                         PGTFORNB17122012900002150                                                                                                                               00        
0330003300019J00023791554800000644442500090256568314100000340ODAPEL DISTRIBUIDORA DE AUTO P15122012000000000064444000000000000000000000000000000171220120000000000644440000000000000001854                900002151           09      00        
0330003300020Z70976E1FCE9361D0BC1FF77                                         PGTFORNB17122012900002151                                                                                                                               00        
0330003300021J00023796554800001411102500090256568281000000340ODAPEL DISTRIBUIDORA DE AUTO P15122012000000000141110000000000000000000000000000000171220120000000001411100000000000000001855                900002152           09      00        
0330003300022Z70976E184171FF50A7A4DBB                                         PGTFORNB17122012900002152                                                                                                                               00        
0330003300023J00023798554800000888533395061180232841100028140ROCHESTER DISTRIBUIDORA DE AUT15122012000000000088853000000000000000000000000000000171220120000000000888530000000000000001856                900002153           09      00        
0330003300024Z70976E1645876B3A57FFE52                                         PGTFORNB17122012900002153                                                                                                                               00        
0330003300025J00023793554800000785040545090000029912500705060TONINI DISTRIBUIDORA LTDA     15122012000000000078504000000000000000000000000000000171220120000000000785040000000000000001857                900002154           09      00        
0330003300026Z70976E1FE63B1AE63EA2C10                                         PGTFORNB17122012900002154                                                                                                                               00        
0330003300027J00034196554900000028001125925697610076000777000CENTER PECAS FABBRI LTDA      16122012000000000002800000000000000000000000000000000171220120000000000028000000000000000001858                900002155           09      00        
0330003300028Z70976E161B49A58EFC9AE39                                         PGTFORNB17122012900002155                                                                                                                               00        
0330003300029J00034191554900000053001125925697380076000777000CENTER PECAS FABBRI LTDA      16122012000000000005300000000000000000000000000000000171220120000000000053000000000000000001859                900002156           09      00        
0330003300030Z70976E1176F16817F73A35F                                         PGTFORNB17122012900002156                                                                                                                               00        
0330003300031J00034191554900000118001125925697530076000777000CENTER PECAS FABBRI LTDA      16122012000000000011800000000000000000000000000000000171220120000000000118000000000000000001860                900002157           09      00        
0330003300032Z70976E1DF1926F5FCCFBA79                                         PGTFORNB17122012900002157                                                                                                                               00        
0330003300033J00034195554900000234001125925696880076000777000CENTER PECAS FABBRI LTDA      16122012000000000023400000000000000000000000000000000171220120000000000234000000000000000001861                900002158           09      00        
0330003300034Z70976E13DE702FC8C67BF83                                         PGTFORNB17122012900002158                                                                                                                               00        
0330003300035J00075692555000000781911319102003307302140028001AUTO POSTO REI DA CASTELO PORT17122012000000000078191000000000000000000000000000000171220120000000000781910000000000000001934                900002225           09      00        
0330003300036Z70976E103ADC80792B1F100                                         PGTFORNB17122012900002225                                                                                                                               00        
0330003300037J00023791555000001212243372091123350501000731020MAGGI AUTOMOVEIS LTDA         17122012000000000121224000000000000000000000000000000171220120000000001212240000000000000001935                900002226           09      00        
0330003300038Z70976E1FCEA7254F3F36B92                                         PGTFORNB17122012900002226                                                                                                                               00        
0330003300039J00023793554900004180493391020007157328700010210INTERSMART COM IMP EXP EQUIP E16122012000000000418049000000000000000000000000000000171220120000000004180490000000000000001936                900002227           09      00        
0330003300040Z70976E132720FC2845B3CF5                                         PGTFORNB17122012900002227                                                                                                                               00        
0330003300041J00034197554900000226001125925696960076000777000CENTER PECAS FABBRI LTDA      16122012000000000022600000000000000000000000000000000171220120000000000226000000000000000001862                900002159           09      00        
0330003300042Z70976E1300B0983F6F9D98B                                         PGTFORNB17122012900002159                                                                                                                               00        
0330003300043J00034196554900000383861125632868412938000052000EATON LTDA                    16122012000000000038386000000000000000000000000000000171220120000000000383860000000000000001863                900002160           09      00        
0330003300044Z70976E1CFCDE91F8BF2876D                                         PGTFORNB17122012900002160                                                                                                                               00        
0330003300045J00034194554900000094271125274931292938000052000EATON LTDA                    16122012000000000009427000000000000000000000000000000171220120000000000094270000000000000001864                900002161           09      00        
0330003300046Z70976E1AAEB0BB967E20737                                         PGTFORNB17122012900002161                                                                                                                               00        
0330003300047J00023795555000000185003372097672307832400536350MAGGI MOTOS LTDA              17122012000000000018500000000000000000000000000000000171220120000000000185000000000000000001895                900002189           09      00        
0330003300048Z70976E1259C5B52750F3011                                         PGTFORNB17122012900002189                                                                                                                               00        
0330003300049J00034193555000000618191124177871506676980086000NOVA DISTRIBUIDORA DE VEICULOS17122012000000000061819000000000000000000000000000000171220120000000000618190000000000000001896                900002190           09      00        
0330003300050Z70976E160C753B63B81C140                                         PGTFORNB17122012900002190                                                                                                                               00        
0330003300051J00034198000000000525691750435998002938010580000EMPRESA BRASILEIRA DE TELECOMU15122012000000000052569000000000000000000000000000000171220120000000000525690000000000000001939                900002228           09      00        
0330003300052Z70976E12FAA08FA89DAA96D                                         PGTFORNB17122012900002228                                                                                                                               00        
0330003300053J00034193555000001261001090005044980265613802000PUBLICIDADE KLIMES SAO PAULO L17122012000000000126100000000000000000000000000000000171220120000000001261000000000000000001912                900002206           09      00        
0330003300054Z70976E1ECDF4FD82A16FD52                                         PGTFORNB17122012900002206                                                                                                                               00        
0330003300055J00023792554800002520002698091123390204000064240RADIO MODELO FM LTDA          15122012000000000252000000000000000000000000000000000171220120000000002520000000000000000001916                900002207           09      00        
0330003300056Z70976E1B01806E510A310BA                                         PGTFORNB17122012900002207                                                                                                                               00        
0330003300057J00034194554800002720001090001227520076635200000TV ALIANCA PAULISTA SA        15122012000000000272000000000000000000000000000000000171220120000000002720000000000000000001917                900002208           09      00        
0330003300058Z70976E1ABBC853D4CDBFBB6                                         PGTFORNB17122012900002208                                                                                                                               00        
0330003300059J00034193554800009418521090001227600076635200000TV ALIANCA PAULISTA SA        15122012000000000941852000000000000000000000000000000171220120000000009418520000000000000001918                900002209           09      00        
0330003300060Z70976E1E9C4938014D50F97                                         PGTFORNB17122012900002209                                                                                                                               00        
0330003300061J00034191554800000581861570682583450513635268000OPPORTUNITY COMUN MARK LTDA   15122012000000000058186000000000000000000000000000000171220120000000000581860000000000000001919                900002210           09      00        
0330003300062Z70976E19AA40799571695AB                                         PGTFORNB17122012900002210                                                                                                                               00        
0330003300063J00023793555000000111702500090256568460500000340ODAPEL DISTRIBUIDORA DE AUTO P17122012000000000011170000000000000000000000000000000171220120000000000111700000000000000001897                900002191           09      00        
0330003300064Z70976E16CDA0AFEC4C5773B                                         PGTFORNB17122012900002191                                                                                                                               00        
0330003300065J00023797555000001406972500090256568419500000340ODAPEL DISTRIBUIDORA DE AUTO P17122012000000000140697000000000000000000000000000000171220120000000001406970000000000000001898                900002192           09      00        
0330003300066Z70976E10BE80D9541E7788E                                         PGTFORNB17122012900002192                                                                                                                               00        
0330003300067J00023793555000000422702500090256568417500000340ODAPEL DISTRIBUIDORA DE AUTO P17122012000000000042270000000000000000000000000000000171220120000000000422700000000000000001899                900002193           09      00        
0330003300068Z70976E12CE5106CD7765F42                                         PGTFORNB17122012900002193                                                                                                                               00        
0330003300069J00039998555000000432878144666448404540096965001PELLEGRINO DISTRIBUIDORA DE AU17122012000000000043287000000000000000000000000000000171220120000000000432870000000000000001900                900002194           09      00        
0330003300070Z70976E1222FFE22E051EF9A                                         PGTFORNB17122012900002194                                                                                                                               00        
0330003300071J00023799555000000233323484092291000014301129000PETRONAS LUBRIFICANTES BRASIL 17122012000000000023332000000000000000000000000000000171220120000000000233320000000000000001901                900002195           09      00        
0330003300072Z70976E16BE81D8D7F77D9D9                                         PGTFORNB17122012900002195                                                                                                                               00        
0330003300073J00034191555000002477671126513817440191074004000POLIPECAS COMERCIAL E IMPORTAD17122012000000000247767000000000017344000000000000000171220120000000002304230000000000000001902                900002196           09      00        
0330003300074Z70976E194E82631558C2340                                         PGTFORNB17122012900002196                                                                                                                               00        
0330003300075J00039994555000002295602315315685905313093513001REAL MOTO PECAS LTDA          17122012000000000229560000000000000000000000000000000171220120000000002295600000000000000001903                900002197           09      00        
0330003300076Z70976E19E14890AEEABB7FD                                         PGTFORNB17122012900002197                                                                                                                               00        
0330003300077J00039996555000005599702315314970405313093513001REAL MOTO PECAS LTDA          17122012000000000559970000000000000000000000000000000171220120000000005599700000000000000001904                900002198           09      00        
0330003300078Z70976E1084B204D72848E85                                         PGTFORNB17122012900002198                                                                                                                               00        
0330003300079J00023791555000000770000328060000000924200026300COMERCIAL RT                  17122012000000000077000000000000000000000000000000000171220120000000000770000000000000000001905                900002199           09      00        
0330003300080Z70976E11CA8A99DDAAE0611                                         PGTFORNB17122012900002199                                                                                                                               00        
0330003300081J00023799555000000779453395061180232844500028140ROCHESTER DISTRIBUIDORA DE AUT17122012000000000077945000000000000000000000000000000171220120000000000779450000000000000001906                900002200           09      00        
0330003300082Z70976E1EF1A9EBCE230A402                                         PGTFORNB17122012900002200                                                                                                                               00        
0330003300083J00039996555000000097851764364080504540079149001BANCO SOFISA SA               17122012000000000009785000000000000000000000000000000171220120000000000097850000000000000001907                900002201           09      00        
0330003300084Z70976E1348E39849749C799                                         PGTFORNB17122012900002201                                                                                                                               00        
0330003300085J00039995555000000339651764364079104540079149001BANCO SOFISA SA               17122012000000000033965000000000000000000000000000000171220120000000000339650000000000000001908                900002202           09      00        
0330003300086Z70976E1D8B5EF6FFFC957D4                                         PGTFORNB17122012900002202                                                                                                                               00        
0330003300087J00034191554900000138681125274931372938000052000EATON LTDA                    16122012000000000013868000000000000000000000000000000171220120000000000138680000000000000001865                900002162           09      00        
0330003300088Z70976E1D6B95D1541F678BF                                         PGTFORNB17122012900002162                                                                                                                               00        
0330003300089J00034196554800000680001570681992830513635268000OPPORTUNITY COMUN MARK LTDA   15122012000000000068000000000000000000000000000000000171220120000000000680000000000000000001920                900002211           09      00        
0330003300090Z70976E145A6AE94A3C74BD0                                         PGTFORNB17122012900002211                                                                                                                               00        
0330003300091J00034194554800002354501570682056270513635268000OPPORTUNITY COMUN MARK LTDA   15122012000000000235450000000000000000000000000000000171220120000000002354500000000000000001921                900002212           09      00        
0330003300092Z70976E1100F8D1B40533552                                         PGTFORNB17122012900002212                                                                                                                               00        
0330003300093J00039991555000001447682400430820006573205239001RODONAVES TRANSP E ENCOMENDAS 17122012000000000144768000000000000000000000000000000171220120000000001447680000000000000001922                900002213           09      00        
0330003300094Z70976E1446F08AD3CE90B45                                         PGTFORNB17122012900002213                                                                                                                               00        
0330003300095J00039991555000000099452400430821906573205239001RODONAVES TRANSP E ENCOMENDAS 17122012000000000009945000000000000000000000000000000171220120000000000099450000000000000001923                900002214           09      00        
0330003300096Z70976E13C751796C845B395                                         PGTFORNB17122012900002214                                                                                                                               00        
0330003300097J00010496554800000315008526463743167900300000181SIND COM VAREJISTA PECAS ACESS15122012000000000031500000000000000000000000000000000171220120000000000315000000000000000001924                900002215           09      00        
0330003300098Z70976E1E0A5621F0D6705A3                                         PGTFORNB17122012900002215                                                                                                                               00        
0330003300099J00010498554800000150008526463742167900300000181SIND COM VAREJISTA PECAS ACESS15122012000000000015000000000000000000000000000000000171220120000000000150000000000000000001925                900002216           09      00        
0330003300100Z70976E192DA099888ABE84E                                         PGTFORNB17122012900002216                                                                                                                               00        
0330003300101J00010495554800000315008526463076167900300000181SIND COM VAREJISTA PECAS ACESS15122012000000000031500000000000000000000000000000000171220120000000000315000000000000000001926                900002217           09      00        
0330003300102Z70976E1D260D2537BEC1890                                         PGTFORNB17122012900002217                                                                                                                               00        
0330003300103J00010499554800000150008526465708167900300000181SIND COM VAREJISTA PECAS ACESS15122012000000000015000000000000000000000000000000000171220120000000000150000000000000000001927                900002218           09      00        
0330003300104Z70976E1C4CF3A2C605973B2                                         PGTFORNB17122012900002218                                                                                                                               00        
0330003300105J00010499554800000150008605092891167900300000181SIND COM VAREJISTA PECAS ACESS15122012000000000015000000000000000000000000000000000171220120000000000150000000000000000001928                900002219           09      00        
0330003300106Z70976E14A4BCDCCF231D739                                         PGTFORNB17122012900002219                                                                                                                               00        
0330003300107J00023791555000000555992002192331000098900001270INDUSTRIAS ROMI SA            17122012000000000055599000000000000000000000000000000171220120000000000555990000000000000001929                900002220           09      00        
0330003300108Z70976E137ADE482548EA3F5                                         PGTFORNB17122012900002220                                                                                                                               00        
0330003300109J00023796555000000555992002192331000195800001270INDUSTRIAS ROMI SA            17122012000000000055599000000000000000000000000000000171220120000000000555990000000000000001930                900002221           09      00        
0330003300110Z70976E100FBA93F075FB35E                                         PGTFORNB17122012900002221                                                                                                                               00        
0330003300111J00034194554800004148811125953344942938012875000INDUSTRIAS ROMI SA            15122012000000000414881000000000000000000000000000000171220120000000004148810000000000000001931                900002222           09      00        
0330003300112Z70976E1459D923DD0B612A5                                         PGTFORNB17122012900002222                                                                                                                               00        
0330003300113J00034191554800004148811125953379922938012875000INDUSTRIAS ROMI SA            15122012000000000414881000000000000000000000000000000171220120000000004148810000000000000001932                900002223           09      00        
0330003300114Z70976E11F4A656C74825807                                         PGTFORNB17122012900002223                                                                                                                               00        
0330003300115J00000195555000000839000000001563680000002948117DIRECOES HIDRAULICAS LONDRINA 17122012000000000083900000000000000000000000000000000171220120000000000839000000000000000001886                900002182           09      00        
0330003300116Z70976E143917884A89F5B23                                         PGTFORNB17122012900002182                                                                                                                               00        
0330003300117J00034191554900000112541125632879302938000052000EATON LTDA                    16122012000000000011254000000000000000000000000000000171220120000000000112540000000000000001866                900002163           09      00        
0330003300118Z70976E133D76A658EA95553                                         PGTFORNB17122012900002163                                                                                                                               00        
0330003300119J00034199554900000373171090007747912938050420000ITA PECAS PARA VEIC COM E SERV16122012000000000037317000000000000000000000000000000171220120000000000373170000000000000001867                900002164           09      00        
0330003300120Z70976E1B30D1803A3112244                                         PGTFORNB17122012900002164                                                                                                                               00        
0330003300121J00023791554900000219653394090000012851900324600MORELATE DISTRIBUIDORA DE AUTO16122012000000000021965000000000000000000000000000000171220120000000000219650000000000000001868                900002165           09      00        
0330003300122Z70976E1ACFEA700D234CAB6                                         PGTFORNB17122012900002165                                                                                                                               00        
0330003300123J00023793554900000322193394090000012839900324600MORELATE DISTRIBUIDORA DE AUTO16122012000000000032219000000000000000000000000000000171220120000000000322190000000000000001869                900002166           09      00        
0330003300124Z70976E14C4D78BEF52D310D                                         PGTFORNB17122012900002166                                                                                                                               00        
0330003300125J00023795554900000236812500090256568385500000340ODAPEL DISTRIBUIDORA DE AUTO P16122012000000000023681000000000000000000000000000000171220120000000000236810000000000000001870                900002167           09      00        
0330003300126Z70976E1EEDF8547C7537054                                         PGTFORNB17122012900002167                                                                                                                               00        
0330003300127J00034196554900000521501125009797300384625000000PECAS AUTOMOTIVAS ZEENE LTDA  16122012000000000052150000000000000000000000000000000171220120000000000521500000000000000001871                900002168           09      00        
0330003300128Z70976E162BD76BAC68EBAFE                                         PGTFORNB17122012900002168                                                                                                                               00        
0330003300129J00039996554900000510242315311588505313093513001REAL MOTO PECAS LTDA          16122012000000000051024000000000000000000000000000000171220120000000000510240000000000000001872                900002169           09      00        
0330003300130Z70976E10E56DA1E19FBB763                                         PGTFORNB17122012900002169                                                                                                                               00        
0330003300131J00023799554900000330013395061180232842700028140ROCHESTER DISTRIBUIDORA DE AUT16122012000000000033001000000000000000000000000000000171220120000000000330010000000000000001873                900002170           09      00        
0330003300132Z70976E1F776339620C18BEA                                         PGTFORNB17122012900002170                                                                                                                               00        
0330003300133J00000197554900002914670000001148003000007003717VESPOR AUTOMOTIVE DIST DE AUTO16122012000000000291467000000000000000000000000000000171220120000000002914670000000000000001874                900002171           09      00        
0330003300134Z70976E130ACAEA46715D2C6                                         PGTFORNB17122012900002171                                                                                                                               00        
0330003300135J00039999555000000158931765152514411960078237001BAP AUTOMOTIVA LTDA           17122012000000000015893000000000000000000000000000000171220120000000000158930000000000000001876                900002172           09      00        
0330003300136Z70976E1BA894D784680503A                                         PGTFORNB17122012900002172                                                                                                                               00        
0330003300137J00023799555000000476843392022327000034701078260MF CAMBUCI DISTR DE AUTOPECAS 17122012000000000047684000000000000000000000000000000171220120000000000476840000000000000001877                900002173           09      00        
0330003300138Z70976E15AB63BC6C57D9DF2                                         PGTFORNB17122012900002173                                                                                                                               00        
0330003300139J00000196555000000397811823850324529130010401917CAMPINAS DIESEL LTDA          17122012000000000039781000000000000000000000000000000171220120000000000397810000000000000001878                900002174           09      00        
0330003300140Z70976E11DA9FC3888CCBEB9                                         PGTFORNB17122012900002174                                                                                                                               00        
0330003300141J00039991555000000268941764696731704061860231001CAR CENTRAL DE AUTOPECAS E ROL17122012000000000026894000000000000000000000000000000171220120000000000268940000000000000001879                900002175           09      00        
0330003300142Z70976E16CF0DEC46D57CCD7                                         PGTFORNB17122012900002175                                                                                                                               00        
0330003300143J00039998555000000424891764696734104061860231001CAR CENTRAL DE AUTOPECAS E ROL17122012000000000042489000000000000000000000000000000171220120000000000424890000000000000001880                900002176           09      00        
0330003300144Z70976E1818302ECFF2CC164                                         PGTFORNB17122012900002176                                                                                                                               00        
0330003300145J00039999555000000794741764696771604061860231001CAR CENTRAL DE AUTOPECAS E ROL17122012000000000079474000000000000000000000000000000171220120000000000794740000000000000001881                900002177           09      00        
0330003300146Z70976E1C9010930F78063F8                                         PGTFORNB17122012900002177                                                                                                                               00        
0330003300147J00000193555000000394000442641941019140000100711CDMD COM DE VEICULOS AUTOMOTOR17122012000000000039400000000000000000000000000000000171220120000000000394000000000000000001882                900002178           09      00        
0330003300148Z70976E1D3CB0E20A6827DC6                                         PGTFORNB17122012900002178                                                                                                                               00        
0330003300149J00000192555000005195894584341693100370004790718DB DISTRIBUIDORA DE BATERIAS L17122012000000000519589000000000000000000000000000000171220120000000005195890000000000000001883                900002179           09      00        
0330003300150Z70976E15E6D2B997383BA94                                         PGTFORNB17122012900002179                                                                                                                               00        
0330003300151J00000191555000000322804584341693000370004790718DB DISTRIBUIDORA DE BATERIAS L17122012000000000032280000000000000000000000000000000171220120000000000322800000000000000001884                900002180           09      00        
0330003300152Z70976E141FE8DED9AA7102F                                         PGTFORNB17122012900002180                                                                                                                               00        
0330003300153J00034191555000000280401090019557901012930309000DECAR AUTOPECAS LTDA          17122012000000000028040000000000000000000000000000000171220120000000000280400000000000000001885                900002181           09      00        
0330003300154Z70976E13EB9A873A76F1A26                                         PGTFORNB17122012900002181                                                                                                                               00        
0330003300155J00039998555000000849961764364078304540079149001BANCO SOFISA SA               17122012000000000084996000000000000000000000000000000171220120000000000849960000000000000001909                900002203           09      00        
0330003300156Z70976E1AFF5A729C5A00C7B                                         PGTFORNB17122012900002203                                                                                                                               00        
0330003300157J00039992555000000268631764364077504540079149001BANCO SOFISA SA               17122012000000000026863000000000000000000000000000000171220120000000000268630000000000000001910                900002204           09      00        
0330003300158Z70976E1B3CB54DA241B970B                                         PGTFORNB17122012900002204                                                                                                                               00        
0330003300159J00023791554800002327433384060000010300103001430TV RECORD DE BAURU LTDA       15122012000000000232743000000000000000000000000000000171220120000000002327430000000000000001911                900002205           09      00        
0330003300160Z70976E17552539FD2B2733F                                         PGTFORNB17122012900002205                                                                                                                               00        
0330003300161J00000191555000000085568336199918009700000127018ALARMAQ EQTOS DE SEGURANCA LTD17122012000000000008556000000000000000000000000000000171220120000000000085560000000000000001933                900002224           09      00        
0330003300162Z70976E1C974B1FDB623FF9F                                         PGTFORNB17122012900002224                                                                                                                               00        
03300035         000164000000000009882149000000000000000000311217                                                                                                                                                                               
03300041C2003031 2054375370001370033006500490028050300065 0000480000414 AUTO GERAL DE ITU LTDA                                                                              00000                                   00000000                    
0330004300001A0007002370219970000000203335 JBI COMERCIAL DE PLASTICOS REF1940                17122012BRL000000000000000000000000040800900002139           17122012000000000040800                                        07          000        
0330004300002B   208308229000108                              00000                                                  00000000  171220120000000000408000000000000000000000000000000000000000000000000000000000000000000                00        
0330004300003Z70976E18ACE11EB7A097F66                                         PGTFORNB17122012900002139                                                                                                                               00        
03300045         000005000000000000040800000000000000000000031217                                                                                                                                                                               
03399999         000004000193000000                                                                                                                                                                                                             
