03300000         2054375370001370033006500490028050300065 0000480000414 AUTO GERAL DE ITU LTDA        SANTANDER                               22101201313200400017006000000                                                                     
03300011C2011030 2054375370001370033006500490028050300065 0000480000414 AUTO GERAL DE ITU LTDA                                                                              00000                                   00000000                    
0330001300001O00083630000001652601103002112733760210001465384CIA PIRATININGA DE FORCA E LUZ21012013210120130000000000165263125                900003409                                                                               00        
0330001300002Z70976E1C9724A980CE70F80                                         PGTFORNB21012013900003409                                                                                                                               00        
03300015         000004000000000000016526000000000000000000110121                                                                                                                                                                               
03300021C2022030 2054375370001370033006500490028050300065 0000480000414 AUTO GERAL DE ITU LTDA                                                                              00000                                   00000000                    
0330002300001N0003129                900003315           AUTO GERAL DE ITU LTDA        2101201300000000033591000046202054375370001372221012013387034155115000000000000012201200000000000000000000003359100000000000000000000000000000 00        
0330002300002Z70976E1B66567C48FD29DB7                                         PGTFORNB21012013900003315                                                                                                                               00        
03300025         000004000000000000335910000000000000000000220121                                                                                                                                                                               
03300031C2011030 2054375370001370033006500490028050300065 0000480000414 AUTO GERAL DE ITU LTDA                                                                              00000                                   00000000                    
0330003300001O00085630000002922400253038760401106977000044513SEFAZ SP IPVA                 21012013210120130000000000292243126                900003410                                                                               00        
0330003300002Z70976E1AE0ABB806759866F                                         PGTFORNB21012013900003410                                                                                                                               00        
0330003300003O00085610000000741600253038760416212907000044513SEFAZ SP IPVA                 21012013210120130000000000074163127                900003411                                                                               00        
0330003300004Z70976E1FD7D76AC5C6A2B6E                                         PGTFORNB21012013900003411                                                                                                                               00        
03300035         000006000000000000036640000000000000000000110121                                                                                                                                                                               
03399999         000003000016000000                                                                                                                                                                                                             
