03300000         2054375370001370033006500490028050300065 0000480000414 AUTO GERAL DE ITU LTDA        SANTANDER                               22610201202181500001106000000                                                                     
03300011C2030030 2054375370001370033006500490028050300065 0000480000414 AUTO GERAL DE ITU LTDA                                                                              00000                                   00000000                    
0330001300001J00003397549800000579809421259200000000346570101GUMP MOTORS COMPONENTES AUTOMO2610201200000000005798000000000000000000000000000000026102012000000000057980000000000000000142                 900000422           09      00        
0330001300002Z70976E11CDD8EF8A7D1BA7D                                         PGTFORNB26102012900000422                                                                                                                               00        
03300015         000004000000000000057980000000000000000000301026                                                                                                                                                                               
03300021C2031030 2054375370001370033006500490028050300065 0000480000414 AUTO GERAL DE ITU LTDA                                                                              00000                                   00000000                    
0330002300001J00034193549800000704251123663825571248021303000BANCO FIBRA SA                2610201200000000007042500000000000000000000000000000026102012000000000070425000000000000000129                 900000423           09      00        
0330002300002Z70976E13F8F6F76056E7C17                                         PGTFORNB26102012900000423                                                                                                                               00        
0330002300003J00023791549800002167232002061201362916100829680COMERCIAL AUTOMOTIVE S.A.     2610201200000000021672300000000000000000000000000000026102012000000000216723000000000000000130                 900000424           09      00        
0330002300004Z70976E1955BD108505D0F85                                         PGTFORNB26102012900000424                                                                                                                               00        
0330002300005J00034194549800000024201124489174610076000777000CENTER PECAS FABBRI LTDA      2610201200000000000242000000000000000000000000000000026102012000000000002420000000000000000131                 900000425           09      00        
0330002300006Z70976E103E8B6B132B61968                                         PGTFORNB26102012900000425                                                                                                                               00        
0330002300007J00034191549800000335601124489174120076000777000CENTER PECAS FABBRI LTDA      2610201200000000003356000000000000000000000000000000026102012000000000033560000000000000000132                 900000426           09      00        
0330002300008Z70976E1CFFFA027D0DFB71F                                         PGTFORNB26102012900000426                                                                                                                               00        
0330002300009J00034191549800000032001124489174200076000777000CENTER PECAS FABBRI LTDA      2610201200000000000320000000000000000000000000000000026102012000000000003200000000000000000133                 900000427           09      00        
0330002300010Z70976E1FB8F3F96E421CAF4                                         PGTFORNB26102012900000427                                                                                                                               00        
0330002300011J00034191549800000221001124489174380076000777000CENTER PECAS FABBRI LTDA      2610201200000000002210000000000000000000000000000000026102012000000000022100000000000000000134                 900000428           09      00        
0330002300012Z70976E155DCA21B762A4CAE                                         PGTFORNB26102012900000428                                                                                                                               00        
0330002300013J00039998549800001219781761510736002680075859001COBRA ROLAMENTOS E AUTO PECAS 2610201200000000012197800000000000000000000000000000026102012000000000121978000000000000000135                 900000429           09      00        
0330002300014Z70976E1B7B1757DACD2DB0C                                         PGTFORNB26102012900000429                                                                                                                               00        
0330002300015J00039991549800000182341761510769702680075859001COBRA ROLAMENTOS E AUTO PECAS 2610201200000000001823400000000000000000000000000000026102012000000000018234000000000000000136                 900000430           09      00        
0330002300016Z70976E149B28243CB832977                                         PGTFORNB26102012900000430                                                                                                                               00        
0330002300017J00039998549800000339031761510753002680075859001COBRA ROLAMENTOS E AUTO PECAS 2610201200000000003390300000000000000000000000000000026102012000000000033903000000000000000137                 900000431           09      00        
0330002300018Z70976E16B998F01C053A39E                                         PGTFORNB26102012900000431                                                                                                                               00        
0330002300019J00023798549800000267473262090000026794700935470COMDIP COMERCIAL DISTRIBUIDORA2610201200000000002674700000000000000000000000000000026102012000000000026747000000000000000138                 900000432           09      00        
0330002300020Z70976E17C9DD44A4DB591CA                                         PGTFORNB26102012900000432                                                                                                                               00        
0330002300021J00023799549800000269690138092265000002801453000OBB CONSULTORIA E PARTICIPACOE2610201200000000002696900000000000000000000000000000026102012000000000026969000000000000000139                 900000433           09      00        
0330002300022Z70976E1C440FB5BAA6A4FD4                                         PGTFORNB26102012900000433                                                                                                                               00        
0330002300023J00034193549800000261201124572715110150043420000FALSI AL COM PEC DIESEL LTDA  2610201200000000002612000000000000000000000000000000026102012000000000026120000000000000000140                 900000434           09      00        
0330002300024Z70976E1FF1F8BF7FD23D84B                                         PGTFORNB26102012900000434                                                                                                                               00        
0330002300025J00034194549800000357721098887782750046365078000FELICIO VIGORITO FILHOS LTDA  2610201200000000003577200000000000000000000000000000026102012000000000035772000000000000000141                 900000435           09      00        
0330002300026Z70976E15D7AB172E87A95A5                                         PGTFORNB26102012900000435                                                                                                                               00        
0330002300027J00000191549800000450000440205038328150001150031JANCAP COMERCIO IMPORTACAO E E2610201200000000004500000000000000000000000000000000026102012000000000045000000000000000000143                 900000436           09      00        
0330002300028Z70976E13EB340BD7CDAE6A6                                         PGTFORNB26102012900000436                                                                                                                               00        
0330002300029J00023795549800001620002199090000011219000203330JBI COMERCIAL DE PLASTICOS REF2610201200000000016200000000000000000000000000000000026102012000000000162000000000000000000144                 900000437           09      00        
0330002300030Z70976E1759FFAD99CDC518D                                         PGTFORNB26102012900000437                                                                                                                               00        
0330002300031J00000194549800000288000000002096856000001769417PRV COMERCIO DE PECAS LTDA    2610201200000000002880000000000000000000000000000000026102012000000000028800000000000000000145                 900000438           09      00        
0330002300032Z70976E17C08B52BCD6ED087                                         PGTFORNB26102012900000438                                                                                                                               00        
0330002300033J00039999549800000611242053129763705313093513001REAL MOTO PECAS LTDA          2610201200000000006112400000000000000000000000000000026102012000000000061124000000000000000146                 900000439           09      00        
0330002300034Z70976E11DB9690C786B3841                                         PGTFORNB26102012900000439                                                                                                                               00        
0330002300035J00039996549800008374522053128969305313093513001REAL MOTO PECAS LTDA          2610201200000000083745200000000000000000000000000000026102012000000000837452000000000000000147                 900000440           09      00        
0330002300036Z70976E158D2F71F28005890                                         PGTFORNB26102012900000440                                                                                                                               00        
0330002300037J00039993549800000504702053140397605313093513001REAL MOTO PECAS LTDA          2610201200000000005047000000000000000000000000000000026102012000000000050470000000000000000148                 900000441           09      00        
0330002300038Z70976E12D5118BD9F91999B                                         PGTFORNB26102012900000441                                                                                                                               00        
0330002300039J00039999549800000503722053139949905313093513001REAL MOTO PECAS LTDA          2610201200000000005037200000000000000000000000000000026102012000000000050372000000000000000149                 900000442           09      00        
0330002300040Z70976E1BB2C85895D3DBCEC                                         PGTFORNB26102012900000442                                                                                                                               00        
0330002300041J00039994549800002206812053140371205313093513001REAL MOTO PECAS LTDA          2610201200000000022068100000000000000000000000000000026102012000000000220681000000000000000150                 900000443           09      00        
0330002300042Z70976E1547C35B5B9B763D8                                         PGTFORNB26102012900000443                                                                                                                               00        
0330002300043J00023796549800001027523395061180232781900028140ROCHESTER DISTRIBUIDORA DE AUT2610201200000000010275200000000000000000000000000000026102012000000000102752000000000000000151                 900000444           09      00        
0330002300044Z70976E10135C7BDE07454A7                                         PGTFORNB26102012900000444                                                                                                                               00        
0330002300045J00040998549800000660005267115800100200071274592UNIMED SALTO/ITU COOP TRAB MED2610201200000000006600000000000000000000000000000000026102012000000000066000000000000000000153                 900000445           09      00        
0330002300046Z70976E1E700C9E9E8E92B84                                         PGTFORNB26102012900000445                                                                                                                               00        
03300025         000048000000000002262802000000000000000000311026                                                                                                                                                                               
03399999         000002000054000000                                                                                                                                                                                                             
