03300000         2054375370001370033006500490028050300065 0000480000414 AUTO GERAL DE ITU LTDA        SANTANDER                               21911201213170400005006000000                                                                     
03300011C2016030 2054375370001370033006500490028050300065 0000480000414 AUTO GERAL DE ITU LTDA                                                                              00000                                   00000000                    
0330001300001N000931                 900001220           AUTO GERAL DE ITU LTDA        19112012000000000056267000561020543753700013716311020120000000000000000000000000005626700000000000000000000000000000019112012                  00        
0330001300002Z70976E1CE15DB1258B545A7                                         PGTFORNB19112012900001220                                                                                                                               00        
03300015         000004000000000000056267000000000000000000161119                                                                                                                                                                               
03300021C2022030 2054375370001370033006500490028050300065 0000480000414 AUTO GERAL DE ITU LTDA                                                                              00000                                   00000000                    
0330002300001N000932                 900001221           AUTO GERAL DE ITU LTDA        1911201200000000094948000046202054375370001372219112012387034155115000000000000010201200000000000000000000009494800000000000000000000000000000 00        
0330002300002Z70976E1716F2A442D5B9F8F                                         PGTFORNB19112012900001221                                                                                                                               00        
03300025         000004000000000000949480000000000000000000221119                                                                                                                                                                               
03300031C2017030 2054375370001370033006500490028050300065 0000480000414 AUTO GERAL DE ITU LTDA                                                                              00000                                   00000000                    
0330003300001N000925                 900001214           AUTO GERAL DE ITU LTDA        19112012000000002273180002100020543753700013717102012000000001885840000000000387340000000000000000                                             00        
0330003300002Z70976E19D106C8A29D18631                                         PGTFORNB19112012900001214                                                                                                                               00        
0330003300003N000926                 900001215           AUTO GERAL DE ITU LTDA FILIAL 19112012000000000527662002100020543753700021817102012000000000441239000000000086423000000000000000                                             00        
0330003300004Z70976E18338A6514E74517C                                         PGTFORNB19112012900001215                                                                                                                               00        
0330003300005N000927                 900001216           AUTO GERAL DE ITU LTDA FILIAL 19112012000000000606477002100020543753700030717102012000000000505803000000000100674000000000000000                                             00        
0330003300006Z70976E1277EF1DA5D1FBE97                                         PGTFORNB19112012900001216                                                                                                                               00        
0330003300007N000928                 900001217           AUTO GERAL DE ITU LTDA FILIAL 19112012000000000347162002100020543753700048017102012000000000290803000000000056359000000000000000                                             00        
0330003300008Z70976E160D1DE4ED3923DB5                                         PGTFORNB19112012900001217                                                                                                                               00        
0330003300009N000929                 900001218           AUTO GERAL DE ITU LTDA FILIAL 19112012000000000719119002100020543753700056017102012000000000603056000000000116063000000000000000                                             00        
0330003300010Z70976E1CCC7F0D70B577F32                                         PGTFORNB19112012900001218                                                                                                                               00        
0330003300011N000930                 900001219           AUTO GERAL DE ITU LTDA. PORTO 19112012000000000394970002100020543753700064117102012000000000330922000000000064048000000000000000                                             00        
0330003300012Z70976E12A185A5FD1493F9E                                         PGTFORNB19112012900001219                                                                                                                               00        
03300035         000014000000000004868570000000000000000000501119                                                                                                                                                                               
03399999         000003000024000000                                                                                                                                                                                                             
