03300000         2054375370001370033006500490028050300065 0000480000414 AUTO GERAL DE ITU LTDA        BANCO SANTANDER                         22510201211481000001606000000                                        G4016PF00528                 
03300011C2030030 205437537000137003300650049002805030006550000480000414 AUTO GERAL DE ITU LTDA                                                AV DR OCTAVIANO PEREIRA MENDES01333               ITU                 13301000SP                  
0330001300001J00003397549800000579809421259200000000346570101GUMP MOTORS COMPONENTES AUTOMO2610201200000000005798000000000000000000000000000000026102012000000000057980000000000000000142                 900000422           00      BD        
03300015         000003000000000000057980000000000000000000                                                                                                                                                                                     
03300021C2031030 205437537000137003300650049002805030006550000480000414 AUTO GERAL DE ITU LTDA                                                AV DR OCTAVIANO PEREIRA MENDES01333               ITU                 13301000SP                  
0330002300001J00034193549800000704251123663825571248021303000BANCO FIBRA SA                2610201200000000007042500000000000000000000000000000026102012000000000070425000000000000000129                 900000423           00      BD        
0330002300002J00023791549800002167232002061201362916100829680COMERCIAL AUTOMOTIVE S.A.     2610201200000000021672300000000000000000000000000000026102012000000000216723000000000000000130                 900000424           00      BD        
0330002300003J00034194549800000024201124489174610076000777000CENTER PECAS FABBRI LTDA      2610201200000000000242000000000000000000000000000000026102012000000000002420000000000000000131                 900000425           00      BD        
0330002300004J00034191549800000335601124489174120076000777000CENTER PECAS FABBRI LTDA      2610201200000000003356000000000000000000000000000000026102012000000000033560000000000000000132                 900000426           00      BD        
0330002300005J00034191549800000032001124489174200076000777000CENTER PECAS FABBRI LTDA      2610201200000000000320000000000000000000000000000000026102012000000000003200000000000000000133                 900000427           00      BD        
0330002300006J00034191549800000221001124489174380076000777000CENTER PECAS FABBRI LTDA      2610201200000000002210000000000000000000000000000000026102012000000000022100000000000000000134                 900000428           00      BD        
0330002300007J00039998549800001219781761510736002680075859001COBRA ROLAMENTOS E AUTO PECAS 2610201200000000012197800000000000000000000000000000026102012000000000121978000000000000000135                 900000429           00      BD        
0330002300008J00039991549800000182341761510769702680075859001COBRA ROLAMENTOS E AUTO PECAS 2610201200000000001823400000000000000000000000000000026102012000000000018234000000000000000136                 900000430           00      BD        
0330002300009J00039998549800000339031761510753002680075859001COBRA ROLAMENTOS E AUTO PECAS 2610201200000000003390300000000000000000000000000000026102012000000000033903000000000000000137                 900000431           00      BD        
0330002300010J00023798549800000267473262090000026794700935470COMDIP COMERCIAL DISTRIBUIDORA2610201200000000002674700000000000000000000000000000026102012000000000026747000000000000000138                 900000432           00      BD        
0330002300011J00023799549800000269690138092265000002801453000OBB CONSULTORIA E PARTICIPACOE2610201200000000002696900000000000000000000000000000026102012000000000026969000000000000000139                 900000433           00      BD        
0330002300012J00034193549800000261201124572715110150043420000FALSI AL COM PEC DIESEL LTDA  2610201200000000002612000000000000000000000000000000026102012000000000026120000000000000000140                 900000434           00      BD        
0330002300013J00034194549800000357721098887782750046365078000FELICIO VIGORITO FILHOS LTDA  2610201200000000003577200000000000000000000000000000026102012000000000035772000000000000000141                 900000435           00      BD        
0330002300014J00000191549800000450000440205038328150001150031JANCAP COMERCIO IMPORTACAO E E2610201200000000004500000000000000000000000000000000026102012000000000045000000000000000000143                 900000436           00      BD        
0330002300015J00023795549800001620002199090000011219000203330JBI COMERCIAL DE PLASTICOS REF2610201200000000016200000000000000000000000000000000026102012000000000162000000000000000000144                 900000437           00      BD        
0330002300016J00000194549800000288000000002096856000001769417PRV COMERCIO DE PECAS LTDA    2610201200000000002880000000000000000000000000000000026102012000000000028800000000000000000145                 900000438           00      BD        
0330002300017J00039999549800000611242053129763705313093513001REAL MOTO PECAS LTDA          2610201200000000006112400000000000000000000000000000026102012000000000061124000000000000000146                 900000439           00      BD        
0330002300018J00039996549800008374522053128969305313093513001REAL MOTO PECAS LTDA          2610201200000000083745200000000000000000000000000000026102012000000000837452000000000000000147                 900000440           00      BD        
0330002300019J00039993549800000504702053140397605313093513001REAL MOTO PECAS LTDA          2610201200000000005047000000000000000000000000000000026102012000000000050470000000000000000148                 900000441           00      BD        
0330002300020J00039999549800000503722053139949905313093513001REAL MOTO PECAS LTDA          2610201200000000005037200000000000000000000000000000026102012000000000050372000000000000000149                 900000442           00      BD        
0330002300021J00039994549800002206812053140371205313093513001REAL MOTO PECAS LTDA          2610201200000000022068100000000000000000000000000000026102012000000000220681000000000000000150                 900000443           00      BD        
0330002300022J00023796549800001027523395061180232781900028140ROCHESTER DISTRIBUIDORA DE AUT2610201200000000010275200000000000000000000000000000026102012000000000102752000000000000000151                 900000444           00      BD        
0330002300023J00040998549800000660005267115800100200071274592UNIMED SALTO/ITU COOP TRAB MED2610201200000000006600000000000000000000000000000000026102012000000000066000000000000000000153                 900000445           00      BD        
03300025         000025000000000002262802000000000000000000                                                                                                                                                                                     
03300031C2016010 205437537000137003300650049002805030006550000480000414 AUTO GERAL DE ITU LTDA                                                AV DR OCTAVIANO PEREIRA MENDES01333               ITU                 13301000SP                  
0330003300001N000152                 900000446           AUTO GERAL DE ITU LTDA        25102012000000001388268002172020543753700013716300920120000000000000000000000000138826800000000000000000000000000000025102012                 3BD        
0330003300002B   205437537000137                              00000                                                  00000000  251020120000000000000000000000000000000000000000000000000000000000000000000000000000              00000          
03300035         000004000000000001388268000000000000000000                                                                                                                                                                                     
03399999         000003000034000000                                                                                                                                                                                                             
