03300000         2054375370001370033006500490028050300065 0000480000414 AUTO GERAL DE ITU LTDA        SANTANDER                               21112201202400100009406000000                                                                     
03300011C2030030 2054375370001370033006500490028050300065 0000480000414 AUTO GERAL DE ITU LTDA                                                                              00000                                   00000000                    
0330001300001J00003397554400000476709421259200000000396750101GUMP MOTORS COMPONENTES AUTOM 11122012000000000047670000000000000000000000000000000111220120000000000476700000000000000001705                900001982           09      00        
0330001300002Z70976E1629BA19D8903F1BB                                         PGTFORNB11122012900001982                                                                                                                               00        
0330001300003J00035696554400000276100689070323460000004892987DISTRIBUIDORA AUTOMOTIVA S.A  11122012000000000027610000000000000000000000000000000111220120000000000276100000000000000001695                900001986           09      00        
0330001300004Z70976E1C908978490436A6E                                         PGTFORNB11122012900001986                                                                                                                               00        
0330001300005J00035691554400000183890689070323480000004892985DISTRIBUIDORA AUTOMOTIVA S.A  11122012000000000018389000000000000000000000000000000111220120000000000183890000000000000001694                900001985           09      00        
0330001300006Z70976E1D1578EA8B63FBA8B                                         PGTFORNB11122012900001985                                                                                                                               00        
03300015         000008000000000000093669000000000000000000301211                                                                                                                                                                               
03300021C2031030 2054375370001370033006500490028050300065 0000480000414 AUTO GERAL DE ITU LTDA                                                                              00000                                   00000000                    
0330002300001J00023795000000000000000527060527214008100069550AGROSTAHL SA IND E COM        11122012000000000908151000000000000000000000000000000111220120000000009081510000000000000001692                900001983           09      00        
0330002300002Z70976E1F58A8D9AFF40F8E6                                         PGTFORNB11122012900001983                                                                                                                               00        
0330002300003J00034193554400000825661125094794432938000052000EATON  LTDA                   11122012000000000082566000000000000000000000000000000111220120000000000825660000000000000001697                900001988           09      00        
0330002300004Z70976E1A2E725C6E4E0C601                                         PGTFORNB11122012900001988                                                                                                                               00        
0330002300005J00034191554400000490231125094813812938000052000EATON  LTDA                   11122012000000000049023000000000000000000000000000000111220120000000000490230000000000000001698                900001989           09      00        
0330002300006Z70976E1F95F1CA68B4AE353                                         PGTFORNB11122012900001989                                                                                                                               00        
0330002300007J00034195554400000130031125094799712938000052000EATON  LTDA                   11122012000000000013003000000000000000000000000000000111220120000000000130030000000000000001699                900001990           09      00        
0330002300008Z70976E128E7A2384EC8904E                                         PGTFORNB11122012900001990                                                                                                                               00        
0330002300009J00034192554400000351271125995519452938000052000EATON  LTDA                   11122012000000000035127000000000000000000000000000000111220120000000000351270000000000000001700                900001991           09      00        
0330002300010Z70976E11806CA1D85CBE67E                                         PGTFORNB11122012900001991                                                                                                                               00        
0330002300011J00039994554400000891461763494288204570524809001F CONFUORTO IND COM PCS LTDA  11122012000000000089146000000000000000000000000000000111220120000000000891460000000000000001701                900001992           09      00        
0330002300012Z70976E1BF12E25FAF5BAD6B                                         PGTFORNB11122012900001992                                                                                                                               00        
0330002300013J00034191554400002377381126291793782938017569000FRAS-LE S/A                   11122012000000000237738000000000000000000000000000000111220120000000002377380000000000000001702                900001993           09      00        
0330002300014Z70976E1DA28DD262DB837F4                                         PGTFORNB11122012900001993                                                                                                                               00        
0330002300015J00034194554400000780001125797986490765234976000GIANCAR DISTR AUTO PECAS LTDA 11122012000000000078000000000000000000000000000000000111220120000000000780000000000000000001703                900001994           09      00        
0330002300016Z70976E1D4BF3143818D8CD7                                         PGTFORNB11122012900001994                                                                                                                               00        
0330002300017J00034199554400000012271125094800452938000052000EATON  LTDA                   11122012000000000001227000000000000000000000000000000111220120000000000012270000000000000001696                900001987           09      00        
0330002300018Z70976E1F06C47DA3EE9F9F0                                         PGTFORNB11122012900001987                                                                                                                               00        
0330002300019J00023796554400000359003398190000022216801324600DIBRACAM COMERCIAL LTDA       11122012000000000035900000000000000000000000000000000111220120000000000359000000000000000001693                900001984           09      00        
0330002300020Z70976E1EAD1B48BF9E2E171                                         PGTFORNB11122012900001984                                                                                                                               00        
0330002300021J00034194554400000127471090304135130109276204000GIRANDO COMERCIO DE PECAS LTDA11122012000000000012747000000000000000000000000000000111220120000000000127470000000000000001704                900001995           09      00        
0330002300022Z70976E111BA9CDA008A625D                                         PGTFORNB11122012900001995                                                                                                                               00        
0330002300023J00000198554400002238460441544140801790000407011H S COMERCIO DE ADESIVOS LTDA 11122012000000000223846000000000000000000000000000000111220120000000002238460000000000000001706                900001996           09      00        
0330002300024Z70976E1665A96B27A961A0D                                         PGTFORNB11122012900001996                                                                                                                               00        
0330002300025J00000196554400009715390000001512535000001405517MODEFER INDUSTRIA DE AUTO PECA11122012000000000971539000000000000000000000000000000111220120000000009715390000000000000001707                900001997           09      00        
0330002300026Z70976E11CD1E984DEEB66F5                                         PGTFORNB11122012900001997                                                                                                                               00        
0330002300027J00023793554400000209303394090000012689700324600MORELATE DISTR AUTOPECAS LTDA 11122012000000000020930000000000000000000000000000000111220120000000000209300000000000000001708                900001998           09      00        
0330002300028Z70976E15D8F40F68A314334                                         PGTFORNB11122012900001998                                                                                                                               00        
0330002300029J00034191554400000953441090000469380452910011000ONIM DISTR DE AUTOPECAS LTDA  11122012000000000095344000000000000000000000000000000111220120000000000953440000000000000001709                900001999           09      00        
0330002300030Z70976E1DE6264C94DE9910E                                         PGTFORNB11122012900001999                                                                                                                               00        
0330002300031J00039991554400001242708144666165504540096965001PELLEGRINO DIST DE AUTOPECAS L11122012000000000124270000000000000000000000000000000111220120000000001242700000000000000001710                900002000           09      00        
0330002300032Z70976E1928BF134CF80BFA8                                         PGTFORNB11122012900002000                                                                                                                               00        
0330002300033J00039999554400000599128144666164704540096965001PELLEGRINO DIST DE AUTOPECAS L11122012000000000059912000000000000000000000000000000111220120000000000599120000000000000001711                900002001           09      00        
0330002300034Z70976E1C1E11912FC899DB9                                         PGTFORNB11122012900002001                                                                                                                               00        
0330002300035J00039991554400000327548144666166304540096965001PELLEGRINO DIST DE AUTOPECAS L11122012000000000032754000000000000000000000000000000111220120000000000327540000000000000001712                900002002           09      00        
0330002300036Z70976E1B6F7D1336C2D08C2                                         PGTFORNB11122012900002002                                                                                                                               00        
0330002300037J00039991554400000436552696545136504540096965001PELLEGRINO DIST DE AUTOPECAS L11122012000000000043655000000000000000000000000000000111220120000000000436550000000000000001713                900002003           09      00        
0330002300038Z70976E1B28C6812909F4AB9                                         PGTFORNB11122012900002003                                                                                                                               00        
0330002300039J00034199554400000371001125156759270384625000000PECAS AUTOMOTIVAS ZEENE LTDA  11122012000000000037100000000000000000000000000000000111220120000000000371000000000000000001714                900002004           09      00        
0330002300040Z70976E153736B4DCC243B8A                                         PGTFORNB11122012900002004                                                                                                                               00        
0330002300041J00034192554400001008191126269385520191074004000POLIPECAS COMERCIAL E IMPORTAD11122012000000000100819000000000007057000000000000000111220120000000000937620000000000000001715                900002005           09      00        
0330002300042Z70976E1E3EF003E77ADE081                                         PGTFORNB11122012900002005                                                                                                                               00        
0330002300043J00034191554400000780881126269385600191074004000POLIPECAS COMERCIAL E IMPORTAD11122012000000000078088000000000005466000000000000000111220120000000000726220000000000000001716                900002006           09      00        
0330002300044Z70976E16DCE0E899A041461                                         PGTFORNB11122012900002006                                                                                                                               00        
0330002300045J00039996554400006369462053187216005313093513001REAL MOTO PECAS LTDA          11122012000000000636946000000000000000000000000000000111220120000000006369460000000000000001717                900002007           09      00        
0330002300046Z70976E1E86AB3FE70250F6C                                         PGTFORNB11122012900002007                                                                                                                               00        
0330002300047J00039992554400001385402053187893105313093513001REAL MOTO PECAS LTDA          11122012000000000138540000000000000000000000000000000111220120000000001385400000000000000001718                900002008           09      00        
0330002300048Z70976E1161CF88F8C4B7D85                                         PGTFORNB11122012900002008                                                                                                                               00        
0330002300049J00034191554400003177341126265235030017697418000THOMSON C I COM PROD AUT LTDA 11122012000000000317734000000000000000000000000000000111220120000000003177340000000000000001719                900002009           09      00        
0330002300050Z70976E1C81A83EEECB8258A                                         PGTFORNB11122012900002009                                                                                                                               00        
0330002300051J00039993554400000238761764969435404540575219001TRELLEBORG AUTOMOTIVE DO BRASI11122012000000000023876000000000000000000000000000000111220120000000000238760000000000000001720                900002010           09      00        
0330002300052Z70976E1502C8634069646C3                                         PGTFORNB11122012900002010                                                                                                                               00        
0330002300053J00039995554400000352041764969422204540575219001TRELLEBORG AUTOMOTIVE DO BRASI11122012000000000035204000000000000000000000000000000111220120000000000352040000000000000001721                900002011           09      00        
0330002300054Z70976E157655739E5D25B75                                         PGTFORNB11122012900002011                                                                                                                               00        
0330002300055J00034193554400006446581126244518143184122228000TRELLEBORG AUTOMOTIVE DO BRASI11122012000000000644658000000000000000000000000000000111220120000000006446580000000000000001722                900002012           09      00        
0330002300056Z70976E15F8F1E90607157B7                                         PGTFORNB11122012900002012                                                                                                                               00        
0330002300057J00034199554400000983511125389769973184597502000TRELLEBORG AUTOMOTIVE DO BRASI11122012000000000098351000000000000000000000000000000111220120000000000983510000000000000001723                900002013           09      00        
0330002300058Z70976E1D166BD2C86EE7B4B                                         PGTFORNB11122012900002013                                                                                                                               00        
0330002300059J00034194554500000228801750000006028949044674000CENTRO AUTOMOTIVO ITUZAO LTDA 12122012000000000022880000000000000000000000000000000111220120000000000228800000000000000001725                900002014           09      00        
0330002300060Z70976E1505F351EEE4789ED                                         PGTFORNB11122012900002014                                                                                                                               00        
0330002300061J00039997554400000635182315305041405313093513001REAL MOTO PECAS LTDA          11122012000000000063518000000000000000000000000000000111220120000000000635180000000000000001726                900002015           09      00        
0330002300062Z70976E192438330504998BA                                         PGTFORNB11122012900002015                                                                                                                               00        
03300025         000064000000000005300069000000000000000000311211                                                                                                                                                                               
03300031C2003031 2054375370001370033006500490028050300065 0000480000414 AUTO GERAL DE ITU LTDA                                                                              00000                                   00000000                    
0330003300001A0007000010154660000002050374 GERAL PARTS COM PECAS E ABRASI1724                11122012BRL000000000000000000000000031346900001981           11122012000000000031346                                        07          000        
0330003300002B   252472438000176                              00000                                                  00000000  111220120000000000313460000000000000000000000000000000000000000000000000000000000000000                00        
0330003300003Z70976E16EF67DEB045A55CA                                         PGTFORNB11122012900001981                                                                                                                               00        
03300035         000005000000000000031346000000000000000000031211                                                                                                                                                                               
03399999         000003000079000000                                                                                                                                                                                                             
