03300000         2054375370001370033006500490028050300065 0000480000414 AUTO GERAL DE ITU LTDA        SANTANDER                               20703201302225300025706000000                                                                     
03300011C2030030 2054375370001370033006500490028050300065 0000480000414 AUTO GERAL DE ITU LTDA                                                                              00000                                   00000000                    
0330001300001J00003393563000000232609513931700000104203470101DISTRIBUIDORA AUTOMOTIVA S.A. 07032013000000000023260000000000000000000000000000000070320130000000000232600000000000000004627                900004897           09      00        
0330001300002Z70976E1437165DACD4F3A1B                                         PGTFORNB07032013900004897                                                                                                                               00        
0330001300003J00035691563000000308420689070323450000003264544DISTRIBUIDORA AUTOMOTIVA S.A. 07032013000000000030842000000000000000000000000000000070320130000000000308420000000000000004625                900004910           09      00        
0330001300004Z70976E1B9504C418D402903                                         PGTFORNB07032013900004910                                                                                                                               00        
0330001300005J00035691563000000131800689070323430000003264611DISTRIBUIDORA AUTOMOTIVA S.A. 07032013000000000013180000000000000000000000000000000070320130000000000131800000000000000004626                900004911           09      00        
0330001300006Z70976E13C255A0AF15A48A9                                         PGTFORNB07032013900004911                                                                                                                               00        
0330001300007J00035691563000000476720689070323490000003264607DISTRIBUIDORA AUTOMOTIVA S.A. 07032013000000000047672000000000000000000000000000000070320130000000000476720000000000000004628                900004912           09      00        
0330001300008Z70976E1FB7EAEEDA3239E19                                         PGTFORNB07032013900004912                                                                                                                               00        
0330001300009J00003391563000000277859492147000000000572900104J FREITAS COM IMP E EXP LTDA  07032013000000000027785000000000000000000000000000000070320130000000000277850000000000000004635                900004898           09      00        
0330001300010Z70976E182571995C8EA2A84                                         PGTFORNB07032013900004898                                                                                                                               00        
03300015         000012000000000000142739000000000000000000300307                                                                                                                                                                               
03300021C2031030 2054375370001370033006500490028050300065 0000480000414 AUTO GERAL DE ITU LTDA                                                                              00000                                   00000000                    
0330002300001J00000191563000002097000444344196619140000100711CDMD COM DE VEICULOS AUTOMOTOR07032013000000000209700000000000000000000000000000000070320130000000002097000000000000000004614                900004899           09      00        
0330002300002Z70976E173E989DFAD827F3D                                         PGTFORNB07032013900004899                                                                                                                               00        
0330002300003J00034194563000000296181126631397910017749003000DOVAC INDUSTRIA E COM LTDA    07032013000000000029618000000000001480000000000000000070320130000000000281380000000000000004629                900004913           09      00        
0330002300004Z70976E1F09360730EFE6F21                                         PGTFORNB07032013900004913                                                                                                                               00        
0330002300005J00034191563000000323251128285608572938107808000ELIVEL AUTOMOTORES LTDA       07032013000000000032325000000000000000000000000000000070320130000000000323250000000000000004630                900004914           09      00        
0330002300006Z70976E176EAE2836D50C0CF                                         PGTFORNB07032013900004914                                                                                                                               00        
0330002300007J00034192563000009136871128430416932938017569000FRAS-LE S/A                   07032013000000000913687000000000000000000000000000000070320130000000009136870000000000000004631                900004915           09      00        
0330002300008Z70976E10C8A55F998360135                                         PGTFORNB07032013900004915                                                                                                                               00        
0330002300009J00000191563000022215640444712380826590000460931FREIOS CONTROIL LTDA          07032013000000002221564000000000000000000000000000000070320130000000022215640000000000000004632                900004916           09      00        
0330002300010Z70976E152F6DB390F2A787B                                         PGTFORNB07032013900004916                                                                                                                               00        
0330002300011J00034193563000000263231090304577670109276204000GIRANDO COMERCIO DE PECAS LTDA07032013000000000026323000000000000000000000000000000070320130000000000263230000000000000004633                900004917           09      00        
0330002300012Z70976E1DD3DB5A3153B25C3                                         PGTFORNB07032013900004917                                                                                                                               00        
0330002300013J00034196563000001082001126612915032938074040000ITAVOX VEICULOS               07032013000000000108200000000000000000000000000000000070320130000000001082000000000000000004634                900004918           09      00        
0330002300014Z70976E1C31B89318014A48A                                         PGTFORNB07032013900004918                                                                                                                               00        
0330002300015J00023795563000000354613391093039000095400003730RED FIDC MULTISETORIAL LP     07032013000000000035461000000000000000000000000000000070320130000000000354610000000000000004636                900004919           09      00        
0330002300016Z70976E1880DF360FBA4039D                                         PGTFORNB07032013900004919                                                                                                                               00        
0330002300017J00034198563000000219781128097811832938025125000MAHLE METAL LEVE S/A          07032013000000000021978000000000000000000000000000000070320130000000000219780000000000000004637                900004920           09      00        
0330002300018Z70976E1EDD7C572942EE08D                                         PGTFORNB07032013900004920                                                                                                                               00        
0330002300019J00034191563000000434971128097811672938025125000MAHLE METAL LEVE S/A          07032013000000000043497000000000000000000000000000000070320130000000000434970000000000000004638                900004921           09      00        
0330002300020Z70976E14A84F5A8DAD70A43                                         PGTFORNB07032013900004921                                                                                                                               00        
0330002300021J00034199563000000054771128097811752938025125000MAHLE METAL LEVE S/A          07032013000000000005477000000000000000000000000000000070320130000000000054770000000000000004639                900004922           09      00        
0330002300022Z70976E1523AA904E33C4E70                                         PGTFORNB07032013900004922                                                                                                                               00        
0330002300023J00034194563000000651741128097810762938025125000MAHLE METAL LEVE S/A          07032013000000000065174000000000000000000000000000000070320130000000000651740000000000000004640                900004923           09      00        
0330002300024Z70976E139CA9566051FD424                                         PGTFORNB07032013900004923                                                                                                                               00        
0330002300025J00034193563000000078311128097810922938025125000MAHLE METAL LEVE S/A          07032013000000000007831000000000000000000000000000000070320130000000000078310000000000000004641                900004924           09      00        
0330002300026Z70976E1A1E5818C554C39FB                                         PGTFORNB07032013900004924                                                                                                                               00        
0330002300027J00034196563000000110241128097810842938025125000MAHLE METAL LEVE S/A          07032013000000000011024000000000000000000000000000000070320130000000000110240000000000000004642                900004925           09      00        
0330002300028Z70976E1F80A06FD553149B6                                         PGTFORNB07032013900004925                                                                                                                               00        
0330002300029J00023796563000004665732514093060000001400092830ORI TRUCK COM DE AUTO PECAS LT07032013000000000466573000000000000000000000000000000070320130000000004665730000000000000004643                900004926           09      00        
0330002300030Z70976E1E06C38810B975E59                                         PGTFORNB07032013900004926                                                                                                                               00        
0330002300031J00034192000000000000001219866870521012365225000PACAEMBU AUTO PECAS LTDA      07032013000000000213809000000000000000000000000000000070320130000000002138090000000000000004644                900004927           09      00        
0330002300032Z70976E1BA30570E8042ECB3                                         PGTFORNB07032013900004927                                                                                                                               00        
0330002300033J00039998563000000284988144670390004540096965001PELLEGRINO DISTRIBUIDORA DE AU07032013000000000028498000000000000000000000000000000070320130000000000284980000000000000004645                900004928           09      00        
0330002300034Z70976E17E16B064F330ECA2                                         PGTFORNB07032013900004928                                                                                                                               00        
0330002300035J00034197563000000198501128278357710076000777000CENTER PECAS FABBRI LTDA      07032013000000000019850000000000000000000000000000000070320130000000000198500000000000000004615                900004900           09      00        
0330002300036Z70976E16A6279C7E54C93C4                                         PGTFORNB07032013900004900                                                                                                                               00        
0330002300037J00034192563000000030001128278357890076000777000CENTER PECAS FABBRI LTDA      07032013000000000003000000000000000000000000000000000070320130000000000030000000000000000004616                900004901           09      00        
0330002300038Z70976E18D1B4EDB5B2CB259                                         PGTFORNB07032013900004901                                                                                                                               00        
0330002300039J00039991563000001579538144670333104540096965001PELLEGRINO DISTRIBUIDORA DE AU07032013000000000157953000000000000000000000000000000070320130000000001579530000000000000004646                900004929           09      00        
0330002300040Z70976E11AB72F5A2385D8BE                                         PGTFORNB07032013900004929                                                                                                                               00        
0330002300041J00023797563000000283263484093036000093701129000PETRONAS LUBRIFICANTES BRASIL 07032013000000000028326000000000000000000000000000000070320130000000000283260000000000000004647                900004930           09      00        
0330002300042Z70976E1FB571279B4AFB40C                                         PGTFORNB07032013900004930                                                                                                                               00        
0330002300043J00000191563000002428590000001597457132189959517PETROBRAS DISTRIBUIDORA       07032013000000000242859000000000000000000000000000000070320130000000002428590000000000000004648                900004931           09      00        
0330002300044Z70976E1FE8B5550C455FD11                                         PGTFORNB07032013900004931                                                                                                                               00        
0330002300045J00000197563000002976190000001597457132189959217PETROBRAS DISTRIBUIDORA       07032013000000000297619000000000000000000000000000000070320130000000002976190000000000000004649                900004932           09      00        
0330002300046Z70976E1AEB780086DC5184F                                         PGTFORNB07032013900004932                                                                                                                               00        
0330002300047J00000194563000002997100000001597457132189959817PETROBRAS DISTRIBUIDORA       07032013000000000299710000000000000000000000000000000070320130000000002997100000000000000004650                900004933           09      00        
0330002300048Z70976E1CAAC92B76FA58D58                                         PGTFORNB07032013900004933                                                                                                                               00        
0330002300049J00000191563000001110100000001597457132189991617PETROBRAS DISTRIBUIDORA       07032013000000000111010000000000000000000000000000000070320130000000001110100000000000000004651                900004934           09      00        
0330002300050Z70976E1D2D227D7C7EC2D89                                         PGTFORNB07032013900004934                                                                                                                               00        
0330002300051J00000193563000005411270000001597457132189960117PETROBRAS DISTRIBUIDORA       07032013000000000541127000000000000000000000000000000070320130000000005411270000000000000004652                900004935           09      00        
0330002300052Z70976E14DC03D8470FE752D                                         PGTFORNB07032013900004935                                                                                                                               00        
0330002300053J00039994563000000261803133556323105313093513001REAL MOTO PECAS LTDA          07032013000000000026180000000000000000000000000000000070320130000000000261800000000000000004653                900004936           09      00        
0330002300054Z70976E1B74211D15CA3F887                                         PGTFORNB07032013900004936                                                                                                                               00        
0330002300055J00039998563000000277933133556349505313093513001REAL MOTO PECAS LTDA          07032013000000000027793000000000000000000000000000000070320130000000000277930000000000000004654                900004937           09      00        
0330002300056Z70976E1A9ED931DFE78399C                                         PGTFORNB07032013900004937                                                                                                                               00        
0330002300057J00023794563000000796573395061180232917000028140ROCHESTER DISTRIBUIDORA DE AUT07032013000000000079657000000000000000000000000000000070320130000000000796570000000000000004655                900004938           09      00        
0330002300058Z70976E13346FCA3BB612083                                         PGTFORNB07032013900004938                                                                                                                               00        
0330002300059J00023796563000000500070545090000033013400705060TONINI DISTRIBUIDORA LTDA     07032013000000000050007000000000000000000000000000000070320130000000000500070000000000000004656                900004939           09      00        
0330002300060Z70976E12E7EC51594D8DC0D                                         PGTFORNB07032013900004939                                                                                                                               00        
0330002300061J00034192563000000426091128719979158949010469000TSA TECN SIST AUTOM LTDA      07032013000000000042609000000000000000000000000000000070320130000000000426090000000000000004657                900004940           09      00        
0330002300062Z70976E11B744B595CDA37E4                                         PGTFORNB07032013900004940                                                                                                                               00        
0330002300063J00000191563000004675500444681707033400000334251UNIAO COM BORR AUTO PECAS LTDA07032013000000000467550000000000000000000000000000000070320130000000004675500000000000000004658                900004941           09      00        
0330002300064Z70976E11BECA4F770A6A9D7                                         PGTFORNB07032013900004941                                                                                                                               00        
0330002300065J00034191563000002842101128628017873184122228000UNIVERSAL AUTOMOTIVE SYSTEMS S07032013000000000284210000000000000000000000000000000070320130000000002842100000000000000004659                900004942           09      00        
0330002300066Z70976E107EAC75C2F6848A5                                         PGTFORNB07032013900004942                                                                                                                               00        
0330002300067J00034191563000002002001128278357480076000777000CENTER PECAS FABBRI LTDA      07032013000000000200200000000000000000000000000000000070320130000000002002000000000000000004617                900004902           09      00        
0330002300068Z70976E109486504173DC572                                         PGTFORNB07032013900004902                                                                                                                               00        
0330002300069J00034195563000000243001128413446510076000777000CENTER PECAS FABBRI LTDA      07032013000000000024300000000000000000000000000000000070320130000000000243000000000000000004618                900004903           09      00        
0330002300070Z70976E176A93E95ADF40997                                         PGTFORNB07032013900004903                                                                                                                               00        
0330002300071J00034193563000000299001128413446360076000777000CENTER PECAS FABBRI LTDA      07032013000000000029900000000000000000000000000000000070320130000000000299000000000000000004619                900004904           09      00        
0330002300072Z70976E17F9A12F6FFC89E10                                         PGTFORNB07032013900004904                                                                                                                               00        
0330002300073J00034191563000000331001128413446440076000777000CENTER PECAS FABBRI LTDA      07032013000000000033100000000000000000000000000000000070320130000000000331000000000000000004620                900004905           09      00        
0330002300074Z70976E13D3C91B0FB9532FD                                         PGTFORNB07032013900004905                                                                                                                               00        
0330002300075J00023797563000004875873396092356000000600008270CINPAL CIA IND DE PECAS P/ AUT07032013000000000487587000000000000000000000000000000070320130000000004875870000000000000004621                900004906           09      00        
0330002300076Z70976E1FD5CB0A02862161D                                         PGTFORNB07032013900004906                                                                                                                               00        
0330002300077J00023791563000000119492002061301410185100829680COMERCIAL AUTOMOTIVA S.A.     07032013000000000011949000000000000000000000000000000070320130000000000119490000000000000004622                900004907           09      00        
0330002300078Z70976E1DDCAC598BB022C37                                         PGTFORNB07032013900004907                                                                                                                               00        
0330002300079J00034191563000000845001127849287421446662742000COML FIX IMPL RODOVIARIOS LTDA07032013000000000084500000000000000000000000000000000070320130000000000845000000000000000004623                900004908           09      00        
0330002300080Z70976E11CADEFB5DABB8516                                         PGTFORNB07032013900004908                                                                                                                               00        
0330002300081J00000195563000002742830000002267479000014555117DECAR AUTOPECAS LTDA          07032013000000000274283000000000000000000000000000000070320130000000002742830000000000000004624                900004909           09      00        
0330002300082Z70976E1558074F35A5C6715                                         PGTFORNB07032013900004909                                                                                                                               00        
03300025         000084000000000008264538000000000000000000310307                                                                                                                                                                               
03300031C2003031 2054375370001370033006500490028050300065 0000480000414 AUTO GERAL DE ITU LTDA                                                                              00000                                   00000000                    
0330003300001A0007003410156900000000151903 EDER PAULO NUNES ARAUJO INFORM4668                07032013BRL000000000000000000000000135851900004896           07032013000000000135851                                        07          000        
0330003300002B   207205757000160                              00000                                                  00000000  070320130000000001358510000000000000000000000000000000000000000000000000000000000000000                00        
0330003300003Z70976E11F119AA3489DF2DD                                         PGTFORNB07032013900004896                                                                                                                               00        
03300035         000005000000000000135851000000000000000000030307                                                                                                                                                                               
03399999         000003000103000000                                                                                                                                                                                                             
