03300000         2054375370001370033006500490028050300065 0000480000414 AUTO GERAL DE ITU LTDA        SANTANDER                               22702201302234400024206000000                                                                     
03300011C2030030 2054375370001370033006500490028050300065 0000480000414 AUTO GERAL DE ITU LTDA                                                                              00000                                   00000000                    
0330001300001J00003396562300008273259482285400000091862040203JOFUND S/A                    28022013000000000827325000000000000000000000000000000270220130000000008273250000000000000004359                900004628           09      00        
0330001300002Z70976E1F883015877B95884                                         PGTFORNB27022013900004628                                                                                                                               00        
0330001300003J00035699562300000452460689070323420000003263440DISTRIBUIDORA AUTOMOTIVA S.A. 28022013000000000045246000000000000000000000000000000270220130000000000452460000000000000004348                900004632           09      00        
0330001300004Z70976E1230A055E316D2123                                         PGTFORNB27022013900004632                                                                                                                               00        
0330001300005J00035698562300000399900689070323460000003263628DISTRIBUIDORA AUTOMOTIVA S.A. 28022013000000000039990000000000000000000000000000000270220130000000000399900000000000000004349                900004633           09      00        
0330001300006Z70976E1918E6591FB7EDFA9                                         PGTFORNB27022013900004633                                                                                                                               00        
03300015         000008000000000000912561000000000000000000300227                                                                                                                                                                               
03300021C2031030 2054375370001370033006500490028050300065 0000480000414 AUTO GERAL DE ITU LTDA                                                                              00000                                   00000000                    
0330002300001J00034191562300001027761126654154880046365078000FELICIO VIGORITO FILHOS LTDA  28022013000000000102776000000000000000000000000000000270220130000000001027760000000000000004350                900004634           09      00        
0330002300002Z70976E13114A8AC8E60599B                                         PGTFORNB27022013900004634                                                                                                                               00        
0330002300003J00023791562300001054643395061180232904600028140ROCHESTER DISTRIBUIDORA DE AUT28022013000000000105464000000000000000000000000000000270220130000000001054640000000000000004375                900004658           09      00        
0330002300004Z70976E138ADDD18BF5CF48B                                         PGTFORNB27022013900004658                                                                                                                               00        
0330002300005J00034191562300003627001128109570792938016363000RR DONNELLEY MOORE EDT GR LTDA28022013000000000362700000000000000000000000000000000270220130000000003627000000000000000004376                900004659           09      00        
0330002300006Z70976E159A06A34246483F2                                         PGTFORNB27022013900004659                                                                                                                               00        
0330002300007J00034191562300000717331128021437387646210281000TWINGLASS VIDROS LTDA         28022013000000000071733000000000000000000000000000000270220130000000000717330000000000000004377                900004660           09      00        
0330002300008Z70976E1542707116A1E80A2                                         PGTFORNB27022013900004660                                                                                                                               00        
0330002300009J00000191562300003331630444537198333400001200031UNIVERSAL AUTOMOTIVE SYSTEMS S28022013000000000333163000000000000000000000000000000270220130000000003331630000000000000004378                900004661           09      00        
0330002300010Z70976E13D940B177AD9F5A2                                         PGTFORNB27022013900004661                                                                                                                               00        
0330002300011J00023791562300002790000152259700003292901828310MANCHESTER AUTOMACAO COMERCIAL28022013000000000279000000000000000000000000000000000270220130000000002790000000000000000004379                900004662           09      00        
0330002300012Z70976E1D5420B0816D97C3B                                         PGTFORNB27022013900004662                                                                                                                               00        
0330002300013J00039993562300000347541769070418811960078237001BAP AUTOMOTIVA LTDA           28022013000000000034754000000000000000000000000000000270220130000000000347540000000000000004345                900004629           09      00        
0330002300014Z70976E194DB630A559A7274                                         PGTFORNB27022013900004629                                                                                                                               00        
0330002300015J00023794562300000389673389093046000010400120490CHG AUTOMOTIVA LTDA           28022013000000000038967000000000000000000000000000000270220130000000000389670000000000000004346                900004630           09      00        
0330002300016Z70976E13E53E2FF98950855                                         PGTFORNB27022013900004630                                                                                                                               00        
0330002300017J00023791562300000135652002061301407442100829680COMERCIAL AUTOMOTIVA S.A.     28022013000000000013565000000000000000000000000000000270220130000000000135650000000000000004347                900004631           09      00        
0330002300018Z70976E10A9EE132F447915E                                         PGTFORNB27022013900004631                                                                                                                               00        
0330002300019J00034196562300000183301126654156600046365078000FELICIO VIGORITO FILHOS LTDA  28022013000000000018330000000000000000000000000000000270220130000000000183300000000000000004351                900004635           09      00        
0330002300020Z70976E1F3D5BDE16476F18D                                         PGTFORNB27022013900004635                                                                                                                               00        
0330002300021J00034195562300001161501128076605950046365078000FELICIO VIGORITO FILHOS LTDA  28022013000000000116150000000000000000000000000000000270220130000000001161500000000000000004352                900004636           09      00        
0330002300022Z70976E1A3D5EC7F802CA70F                                         PGTFORNB27022013900004636                                                                                                                               00        
0330002300023J00034193562300006665121128433626932938017569000FELICIO VIGORITO FILHOS LTDA  28022013000000000666512000000000000000000000000000000270220130000000006665120000000000000004353                900004637           09      00        
0330002300024Z70976E1C3019C18C4A51C03                                         PGTFORNB27022013900004637                                                                                                                               00        
0330002300025J00034194562300000044901090304534020109276204000GIRANDO COMERCIO DE PECAS LTDA28022013000000000004490000000000000000000000000000000270220130000000000044900000000000000004354                900004638           09      00        
0330002300026Z70976E1B3E504DA4E85A358                                         PGTFORNB27022013900004638                                                                                                                               00        
0330002300027J00034196562300000197281090304534100109276204000GIRANDO COMERCIO DE PECAS LTDA28022013000000000019728000000000000000000000000000000270220130000000000197280000000000000004355                900004639           09      00        
0330002300028Z70976E17663B0EB8A8F4F78                                         PGTFORNB27022013900004639                                                                                                                               00        
0330002300029J00034194562300000274251090304538990109276204000GIRANDO COMERCIO DE PECAS LTDA28022013000000000027425000000000000000000000000000000270220130000000000274250000000000000004356                900004640           09      00        
0330002300030Z70976E1C472ABE13A89BACD                                         PGTFORNB27022013900004640                                                                                                                               00        
0330002300031J00034193562300000423041090000212900242411544000GLOBAL FLEX IMPRESS FLEX LTDA 28022013000000000042304000000000000000000000000000000270220130000000000423040000000000000004357                900004641           09      00        
0330002300032Z70976E1A39D43AEE2756EE2                                         PGTFORNB27022013900004641                                                                                                                               00        
0330002300033J00023796562300000815203180091330291474400158190GUPE DISTR DE AUTOPECAS LTDA  28022013000000000081520000000000000000000000000000000270220130000000000815200000000000000004358                900004642           09      00        
0330002300034Z70976E1C6A39CD09E9637DA                                         PGTFORNB27022013900004642                                                                                                                               00        
0330002300035J00034193562300000219781128097811592938025125000MAHLE METAL LEVE S/A          28022013000000000021978000000000000000000000000000000270220130000000000219780000000000000004360                900004643           09      00        
0330002300036Z70976E198B5DF65C491BC5E                                         PGTFORNB27022013900004643                                                                                                                               00        
0330002300037J00034194562300000434971128097811342938025125000MAHLE METAL LEVE S/A          28022013000000000043497000000000000000000000000000000270220130000000000434970000000000000004361                900004644           09      00        
0330002300038Z70976E17C9FA8A5205B4A81                                         PGTFORNB27022013900004644                                                                                                                               00        
0330002300039J00034191562300000054771128097811422938025125000MAHLE METAL LEVE S/A          28022013000000000005477000000000000000000000000000000270220130000000000054770000000000000004362                900004645           09      00        
0330002300040Z70976E150638F4C023FCC4D                                         PGTFORNB27022013900004645                                                                                                                               00        
0330002300041J00034197562300000651741128097810432938025125000MAHLE METAL LEVE S/A          28022013000000000065174000000000000000000000000000000270220130000000000651740000000000000004363                900004646           09      00        
0330002300042Z70976E1AE4369F739A8F5D2                                         PGTFORNB27022013900004646                                                                                                                               00        
0330002300043J00034199562300000078311128097810682938025125000MAHLE METAL LEVE S/A          28022013000000000007831000000000000000000000000000000270220130000000000078310000000000000004364                900004647           09      00        
0330002300044Z70976E12C06FA410EFCF2B9                                         PGTFORNB27022013900004647                                                                                                                               00        
0330002300045J00034195562300000110241128097810502938025125000MAHLE METAL LEVE S/A          28022013000000000011024000000000000000000000000000000270220130000000000110240000000000000004365                900004648           09      00        
0330002300046Z70976E1D29EA05F97166942                                         PGTFORNB27022013900004648                                                                                                                               00        
0330002300047J00023793562300006608452500090256572429400000340ODAPEL DISTRIBUIDORA DE AUTO P28022013000000000660845000000000033963000000000000000270220130000000006268820000000000000004366                900004649           09      00        
0330002300048Z70976E147616896D51F7EA6                                         PGTFORNB27022013900004649                                                                                                                               00        
0330002300049J00023794562300001654172500090256572425000000340ODAPEL DISTRIBUIDORA DE AUTO P28022013000000000165417000000000000000000000000000000270220130000000001654170000000000000004367                900004650           09      00        
0330002300050Z70976E1366461BBB938B8F5                                         PGTFORNB27022013900004650                                                                                                                               00        
0330002300051J00023791562300003448462500090256572433200000340ODAPEL DISTRIBUIDORA DE AUTO P28022013000000000344846000000000000000000000000000000270220130000000003448460000000000000004368                900004651           09      00        
0330002300052Z70976E17F62A1EA855CF444                                         PGTFORNB27022013900004651                                                                                                                               00        
0330002300053J00023791562300001901482500090256572396500000340ODAPEL DISTRIBUIDORA DE AUTO P28022013000000000190148000000000000000000000000000000270220130000000001901480000000000000004369                900004652           09      00        
0330002300054Z70976E118083E98959AF825                                         PGTFORNB27022013900004652                                                                                                                               00        
0330002300055J00039992562300000497278144669982204540096965001PELLEGRINO DISTRIBUIDORA DE AU28022013000000000049727000000000000000000000000000000270220130000000000497270000000000000004370                900004653           09      00        
0330002300056Z70976E1EC24FA0EB9F9BE28                                         PGTFORNB27022013900004653                                                                                                                               00        
0330002300057J00039991562300000408802696554168204540096965001PELLEGRINO DISTRIBUIDORA DE AU28022013000000000040880000000000000000000000000000000270220130000000000408800000000000000004371                900004654           09      00        
0330002300058Z70976E157E5F690FE480CB7                                         PGTFORNB27022013900004654                                                                                                                               00        
0330002300059J00039991562300000227828144669933404540096965001PELLEGRINO DISTRIBUIDORA DE AU28022013000000000022782000000000000000000000000000000270220130000000000227820000000000000004372                900004655           09      00        
0330002300060Z70976E1324AC5358B6AF869                                         PGTFORNB27022013900004655                                                                                                                               00        
0330002300061J00039995562300000277593133544501805313093513001REAL MOTO PECAS LTDA          28022013000000000027759000000000000000000000000000000270220130000000000277590000000000000004373                900004656           09      00        
0330002300062Z70976E1DD36C73E05596C68                                         PGTFORNB27022013900004656                                                                                                                               00        
0330002300063J00023799562300002806133395061180232905000028140ROCHESTER DISTRIBUIDORA DE AUT28022013000000000280613000000000000000000000000000000270220130000000002806130000000000000004374                900004657           09      00        
0330002300064Z70976E1DB59BF179A669081                                         PGTFORNB27022013900004657                                                                                                                               00        
03300025         000066000000000004222616000000000000000000310227                                                                                                                                                                               
03300031C2003031 2054375370001370033006500490028050300065 0000480000414 AUTO GERAL DE ITU LTDA                                                                              00000                                   00000000                    
0330003300001A0007002370202570000000001600 BARROS E FILHOS LTDA          4381                27022013BRL000000000000000000000000132372900004627           27022013000000000132372                                        07          000        
0330003300002B   271459986000100                              00000                                                  00000000  270220130000000001323720000000000000000000000000000000000000000000000000000000000000000                00        
0330003300003Z70976E13C0711BBF6820272                                         PGTFORNB27022013900004627                                                                                                                               00        
03300035         000005000000000000132372000000000000000000030227                                                                                                                                                                               
03399999         000003000081000000                                                                                                                                                                                                             
