03300000         2054375370001370033006500490028050300065 0000480000414 AUTO GERAL DE ITU LTDA        SANTANDER                               20304201313175300030606000000                                                                     
03300011C2001031 2054375370001370033006500490028050300065 0000480000414 AUTO GERAL DE ITU LTDA                                                                              00000                                   00000000                    
0330001300001A0000000330358200000010009736 TEREZINHA DE JESUS CAMARGO FAC5523                03042013BRL000000000000000000000000036670900005779           03042013000000000036670                                        00          000        
0330001300002B   100002130117864                              00000                                                  00000000  030420130000000000366700000000000000000000000000000000000000000000000000000000000000000                00        
0330001300003Z70976E12ABE3DFFBFD0E63B                                         PGTFORNB03042013900005779                                                                                                                               00        
03300015         000005000000000000036670000000000000000000010403                                                                                                                                                                               
03399999         000001000007000000                                                                                                                                                                                                             
