03300000         2054375370001370033006500490028050300065 0000480000414 AUTO GERAL DE ITU LTDA        SANTANDER                               20603201302302700025406000000                                                                     
03300011C2030030 2054375370001370033006500490028050300065 0000480000414 AUTO GERAL DE ITU LTDA                                                                              00000                                   00000000                    
0330001300001J00035693562900001457680689070323470000005576950DISTRIBUIDORA AUTOMOTIVA S/A  06032013000000000145768000000000000000000000000000000060320130000000001457680000000000000004573                900004859           09      00        
0330001300002Z70976E195DD8EA998D0B7D7                                         PGTFORNB06032013900004859                                                                                                                               00        
0330001300003J00035692562900010536340689070323490000003264458DISTRIBUIDORA AUTOMOTIVA S/A  06032013000000001053634000000000000000000000000000000060320130000000010536340000000000000004574                900004860           09      00        
0330001300004Z70976E1E7A4A3F1881AC41A                                         PGTFORNB06032013900004860                                                                                                                               00        
0330001300005J00035691562900005361540689070323410000005753548DISTRIBUIDORA AUTOMOTIVA S/A  06032013000000000536154000000000000000000000000000000060320130000000005361540000000000000004575                900004861           09      00        
0330001300006Z70976E1A1248255DF747702                                         PGTFORNB06032013900004861                                                                                                                               00        
0330001300007J00035691562900000181720689070323450000003264361DISTRIBUIDORA AUTOMOTIVA S/A  06032013000000000018172000000000000000000000000000000060320130000000000181720000000000000004576                900004862           09      00        
0330001300008Z70976E1C99B4CCE1B438017                                         PGTFORNB06032013900004862                                                                                                                               00        
0330001300009J00035692562900001408390689070323460000005576803DISTRIBUIDORA AUTOMOTIVA S/A  06032013000000000140839000000000000000000000000000000060320130000000001408390000000000000004577                900004863           09      00        
0330001300010Z70976E135D846C5C474D662                                         PGTFORNB06032013900004863                                                                                                                               00        
0330001300011J00035696562900001185620689070323490000003264441DISTRIBUIDORA AUTOMOTIVA S/A  06032013000000000118562000000000000000000000000000000060320130000000001185620000000000000004578                900004864           09      00        
0330001300012Z70976E1EC03ACFABC9A9830                                         PGTFORNB06032013900004864                                                                                                                               00        
0330001300013J00035697562900001215110689070323460000005576787DISTRIBUIDORA AUTOMOTIVA S/A  06032013000000000121511000000000000000000000000000000060320130000000001215110000000000000004581                900004865           09      00        
0330001300014Z70976E1751DC0CEEACBB48B                                         PGTFORNB06032013900004865                                                                                                                               00        
0330001300015J00035692562900002275340689070323470000003264443DISTRIBUIDORA AUTOMOTIVA S/A  06032013000000000227534000000000000000000000000000000060320130000000002275340000000000000004582                900004866           09      00        
0330001300016Z70976E1CAEAD33DA233F759                                         PGTFORNB06032013900004866                                                                                                                               00        
0330001300017J00035699562900001542300689070323480000005753541DISTRIBUIDORA AUTOMOTIVA S/A  06032013000000000154230000000000000000000000000000000060320130000000001542300000000000000004583                900004867           09      00        
0330001300018Z70976E1692F20DD5236C306                                         PGTFORNB06032013900004867                                                                                                                               00        
0330001300019J00035697562900001582150689070323450000005753551DISTRIBUIDORA AUTOMOTIVA S/A  06032013000000000158215000000000000000000000000000000060320130000000001582150000000000000004584                900004868           09      00        
0330001300020Z70976E1A89D37C4E51FBDA6                                         PGTFORNB06032013900004868                                                                                                                               00        
0330001300021J00035694562900002110580689070323450000003264437DISTRIBUIDORA AUTOMOTIVA S/A  06032013000000000211058000000000000000000000000000000060320130000000002110580000000000000004585                900004869           09      00        
0330001300022Z70976E10107F95D75CF1ADC                                         PGTFORNB06032013900004869                                                                                                                               00        
0330001300023J00003398562900010744729513931700000104190710101DISTRIBUIDORA AUTOMOTIVA S.A. 06032013000000001074472000000000000000000000000000000060320130000000010744720000000000000004572                900004849           09      00        
0330001300024Z70976E124D4C46B2B076DDF                                         PGTFORNB06032013900004849                                                                                                                               00        
0330001300025J00003391562900001245199513931700000104188900101DISTRIBUIDORA AUTOMOTIVA S/A  06032013000000000124519000000000000000000000000000000060320130000000001245190000000000000004579                900004850           09      00        
0330001300026Z70976E1764D04F7DABC301D                                         PGTFORNB06032013900004850                                                                                                                               00        
0330001300027J00003392562900002220519513931700000104189200101DISTRIBUIDORA AUTOMOTIVA S/A  06032013000000000222051000000000000000000000000000000060320130000000002220510000000000000004580                900004851           09      00        
0330001300028Z70976E182B10597E8E9C91B                                         PGTFORNB06032013900004851                                                                                                                               00        
0330001300029J00003395562900000502009492147000000000568120104J FREITAS COM IMP E EXP LTDA  06032013000000000050200000000000000000000000000000000060320130000000000502000000000000000004595                900004852           09      00        
0330001300030Z70976E1B8CE03635FC11E52                                         PGTFORNB06032013900004852                                                                                                                               00        
03300015         000032000000000004356919000000000000000000300306                                                                                                                                                                               
03300021C2031030 2054375370001370033006500490028050300065 0000480000414 AUTO GERAL DE ITU LTDA                                                                              00000                                   00000000                    
0330002300001J00034191562900000315871090002051580137627725000ALENAN COML DE PECAS E ACS LTD06032013000000000031587000000000000000000000000000000060320130000000000315870000000000000004566                900004853           09      00        
0330002300002Z70976E1F99D02ECDF69F89E                                         PGTFORNB06032013900004853                                                                                                                               00        
0330002300003J00034192562900000413001128200527541248021303000BANCO FIBRA SA                06032013000000000041300000000000000000000000000000000060320130000000000413000000000000000004567                900004854           09      00        
0330002300004Z70976E1F703A7A3A4527A32                                         PGTFORNB06032013900004854                                                                                                                               00        
0330002300005J00023795562900000970963398020000130860100607510BRAKEMATIC LTDA               06032013000000000097096000000000000000000000000000000060320130000000000970960000000000000004568                900004855           09      00        
0330002300006Z70976E1AD5B24344DFFD972                                         PGTFORNB06032013900004855                                                                                                                               00        
0330002300007J00000192562900000778821823850739629130010401917CAMPINAS DIESEL LTDA          06032013000000000077882000000000000000000000000000000060320130000000000778820000000000000004569                900004856           09      00        
0330002300008Z70976E1D97EC443DBBB512D                                         PGTFORNB06032013900004856                                                                                                                               00        
0330002300009J00034196562900000044401128278357550076000777000CENTER PECAS FABBRI LTDA      06032013000000000004440000000000000000000000000000000060320130000000000044400000000000000004570                900004857           09      00        
0330002300010Z70976E1BD73BC67E6BA53A2                                         PGTFORNB06032013900004857                                                                                                                               00        
0330002300011J00000191562900009641004584340000000000100030721DB DISTRIBUIDORA DE BATERIAS L06032013000000000964100000000000000000000000000000000060320130000000009641000000000000000004571                900004858           09      00        
0330002300012Z70976E1A3BA7F30FF839466                                         PGTFORNB06032013900004858                                                                                                                               00        
0330002300013J00034194562900000032561127899651292938000052000EATON LTDA                    06032013000000000003256000000000000000000000000000000060320130000000000032560000000000000004586                900004870           09      00        
0330002300014Z70976E1DA977B3733624F44                                         PGTFORNB06032013900004870                                                                                                                               00        
0330002300015J00034198562900000250471127899643122938000052000EATON LTDA                    06032013000000000025047000000000000000000000000000000060320130000000000250470000000000000004587                900004871           09      00        
0330002300016Z70976E1AAAE41A168B29522                                         PGTFORNB06032013900004871                                                                                                                               00        
0330002300017J00034191562900000032561127899651372938000052000EATON LTDA                    06032013000000000003256000000000000000000000000000000060320130000000000032560000000000000004588                900004872           09      00        
0330002300018Z70976E1BD57E1CC437F36AE                                         PGTFORNB06032013900004872                                                                                                                               00        
0330002300019J00034192562900000216981128313869362938000052000EATON LTDA                    06032013000000000021698000000000000000000000000000000060320130000000000216980000000000000004589                900004873           09      00        
0330002300020Z70976E15CC7A493253E523D                                         PGTFORNB06032013900004873                                                                                                                               00        
0330002300021J00039996562900002154603106200040909200216507001ELIANE RODRIGUES ALVES FERNAND06032013000000000215460000000000000000000000000000000060320130000000002154600000000000000004590                900004874           09      00        
0330002300022Z70976E157E64E53E6551F7C                                         PGTFORNB06032013900004874                                                                                                                               00        
0330002300023J00023797562900000110603372190000003178505064620FELIVEL DISTR CAMINHOES LTDA  06032013000000000011060000000000000000000000000000000060320130000000000110600000000000000004591                900004875           09      00        
0330002300024Z70976E190F5073ADB2FDF79                                         PGTFORNB06032013900004875                                                                                                                               00        
0330002300025J00034192562900000212471090304573610109276204000GIRANDO COMERCIO DE PECAS LTDA06032013000000000021247000000000000000000000000000000060320130000000000212470000000000000004592                900004876           09      00        
0330002300026Z70976E1A240166B35D2D576                                         PGTFORNB06032013900004876                                                                                                                               00        
0330002300027J00000195562900000577430000001514623444747642311HAIRAM IND E COM DE AUTOPECAS 06032013000000000057743000000000000000000000000000000060320130000000000577430000000000000004593                900004877           09      00        
0330002300028Z70976E1D309FA14A4D6A03E                                         PGTFORNB06032013900004877                                                                                                                               00        
0330002300029J00034199562900000946001127393978603909030599000HYDRONLUBZ IND C EQUIPAMENTOS 06032013000000000094600000000000000000000000000000000060320130000000000946000000000000000004594                900004878           09      00        
0330002300030Z70976E159E9CEE1FC6DF0E7                                         PGTFORNB06032013900004878                                                                                                                               00        
0330002300031J00034194562900001281531127853073832938025125000MAHLE METAL LEVE S/A          06032013000000000128153000000000000000000000000000000060320130000000001281530000000000000004596                900004879           09      00        
0330002300032Z70976E19EDED7D89A51365D                                         PGTFORNB06032013900004879                                                                                                                               00        
0330002300033J00034197562900000226271127853073912938025125000MAHLE METAL LEVE S/A          06032013000000000022627000000000000000000000000000000060320130000000000226270000000000000004597                900004880           09      00        
0330002300034Z70976E149C5A086573C80B7                                         PGTFORNB06032013900004880                                                                                                                               00        
0330002300035J00023797562900000459103394090000016650100324600MORELATE DISTRIBUIDORA DE AUTO06032013000000000045910000000000000000000000000000000060320130000000000459100000000000000004598                900004881           09      00        
0330002300036Z70976E154E65D77A4EDE50A                                         PGTFORNB06032013900004881                                                                                                                               00        
0330002300037J00034191562900000311001128220318306676980086000NOVA DISTRIBUIDORA DE VEICULOS06032013000000000031100000000000000000000000000000000060320130000000000311000000000000000004599                900004882           09      00        
0330002300038Z70976E1E8C536EF42F00517                                         PGTFORNB06032013900004882                                                                                                                               00        
0330002300039J00034198562900000205501128220288366676980086000NOVA DISTRIBUIDORA DE VEICULOS06032013000000000020550000000000000000000000000000000060320130000000000205500000000000000004600                900004883           09      00        
0330002300040Z70976E1CC6D7C8B00387799                                         PGTFORNB06032013900004883                                                                                                                               00        
0330002300041J00039992562900000675908144670273404540096965001PELLEGRINO DISTRIBUIDORA DE AU06032013000000000067590000000000000000000000000000000060320130000000000675900000000000000004601                900004884           09      00        
0330002300042Z70976E1533223A56319CE1D                                         PGTFORNB06032013900004884                                                                                                                               00        
0330002300043J00039995562900000298258144670293904540096965001PELLEGRINO DISTRIBUIDORA DE AU06032013000000000029825000000000000000000000000000000060320130000000000298250000000000000004602                900004885           09      00        
0330002300044Z70976E15E432CE364FBADB8                                         PGTFORNB06032013900004885                                                                                                                               00        
0330002300045J00023797562900000275483484093036000093601129000PETRONAS LUBRIFICANTES BRASIL 06032013000000000027548000000000000000000000000000000060320130000000000275480000000000000004603                900004886           09      00        
0330002300046Z70976E177EFDEA27C396130                                         PGTFORNB06032013900004886                                                                                                                               00        
0330002300047J00034196562900001332551128880219980191074004000POLIPECAS COMERCIAL E IMPORTAD06032013000000000133255000000000009328000000000000000060320130000000001239270000000000000004604                900004887           09      00        
0330002300048Z70976E1D82DDDBA5FE4D296                                         PGTFORNB06032013900004887                                                                                                                               00        
0330002300049J00034199562900002692011128880220040191074004000POLIPECAS COMERCIAL E IMPORTAD06032013000000000269201000000000018844000000000000000060320130000000002503570000000000000004605                900004888           09      00        
0330002300050Z70976E10FD641C20617BAAA                                         PGTFORNB06032013900004888                                                                                                                               00        
0330002300051J00000198562900001610030000002175416000003459817SK AUTOMOTIVE S/A DISTR AUTOPE06032013000000000161003000000000000000000000000000000060320130000000001610030000000000000004606                900004889           09      00        
0330002300052Z70976E1A48D1ADD39D471AC                                         PGTFORNB06032013900004889                                                                                                                               00        
0330002300053J00034191562900008161681127899172940480001510000SUSIN FRANCESCUTTI METAL LTDA 06032013000000000816168000000000000000000000000000000060320130000000008161680000000000000004607                900004890           09      00        
0330002300054Z70976E152B602000F7C02CA                                         PGTFORNB06032013900004890                                                                                                                               00        
0330002300055J00023791562900000605101998190000012002000503970VANUCCI IMPORTACAO EXPORT. E C06032013000000000060510000000000000000000000000000000060320130000000000605100000000000000004608                900004891           09      00        
0330002300056Z70976E10A937C63C0F4B2B4                                         PGTFORNB06032013900004891                                                                                                                               00        
0330002300057J00039991562900000311841768732350504540079149001BANCO SOFISA SA               06032013000000000031184000000000000000000000000000000060320130000000000311840000000000000004609                900004892           09      00        
0330002300058Z70976E1454BD34E8F1826EB                                         PGTFORNB06032013900004892                                                                                                                               00        
0330002300059J00023796562900001425083372091130510526100731020MAGGI AUTOMOVEIS LTDA         06032013000000000142508000000000000000000000000000000060320130000000001425080000000000000004610                900004893           09      00        
0330002300060Z70976E161AE36275A7CF39F                                         PGTFORNB06032013900004893                                                                                                                               00        
0330002300061J00023798562900004180493391020007157329000010210INTERSMART COM IMP EXP EQUIP E06032013000000000418049000000000000000000000000000000060320130000000004180490000000000000004611                900004894           09      00        
0330002300062Z70976E19F189CE7FF9D92AB                                         PGTFORNB06032013900004894                                                                                                                               00        
0330002300063J00023791562900000138002370060001617836500299980NIC.BR NUCLEO DE INFORM.COORD.06032013000000000013800000000000000000000000000000000060320130000000000138000000000000000004612                900004895           09      00        
0330002300064Z70976E17902F89F2B6E0119                                         PGTFORNB06032013900004895                                                                                                                               00        
03300025         000066000000000004060581000000000000000000310306                                                                                                                                                                               
03300031C2003031 2054375370001370033006500490028050300065 0000480000414 AUTO GERAL DE ITU LTDA                                                                              00000                                   00000000                    
0330003300001A0007000010154660000002050374 GERAL PARTS COM PECAS E ABRASI4613                06032013BRL000000000000000000000000048520900004848           06032013000000000048520                                        07          000        
0330003300002B   252472438000176                              00000                                                  00000000  060320130000000000485200000000000000000000000000000000000000000000000000000000000000000                00        
0330003300003Z70976E1B9E9736564CEFED5                                         PGTFORNB06032013900004848                                                                                                                               00        
03300035         000005000000000000048520000000000000000000030306                                                                                                                                                                               
03399999         000003000105000000                                                                                                                                                                                                             
