03300000         2054375370001370033006500490028050300065 0000480000414 AUTO GERAL DE ITU LTDA        SANTANDER                               22501201302162700018306000000                                                                     
03300011C2030030 2054375370001370033006500490028050300065 0000480000414 AUTO GERAL DE ITU LTDA                                                                              00000                                   00000000                    
0330001300001J00035699558900000114740689070323440000004899141DISTRIBUIDORA AUTOMOTIVA S/A  25012013000000000011474000000000000000000000000000000250120130000000000114740000000000000003233                900003516           09      00        
0330001300002Z70976E12774D8297973A4FC                                         PGTFORNB25012013900003516                                                                                                                               00        
0330001300003J00035692558900000418380689070323420000004898947DISTRIBUIDORA AUTOMOTIVA S/A  25012013000000000041838000000000000000000000000000000250120130000000000418380000000000000003234                900003517           09      00        
0330001300004Z70976E11BE77397DCC403EE                                         PGTFORNB25012013900003517                                                                                                                               00        
0330001300005J00035693558900000244960689070323420000004899036DISTRIBUIDORA AUTOMOTIVA S/A  25012013000000000024496000000000000000000000000000000250120130000000000244960000000000000003235                900003518           09      00        
0330001300006Z70976E159C66C63FA99686E                                         PGTFORNB25012013900003518                                                                                                                               00        
0330001300007J00003391558900000507009151176900000230157560102INFOR-REL COM SERV LTDA EPP   25012013000000000050700000000000000000000000000000000250120130000000000507000000000000000003252                900003508           09      00        
0330001300008Z70976E19357A12F8E105954                                         PGTFORNB25012013900003508                                                                                                                               00        
03300015         000010000000000000128508000000000000000000300125                                                                                                                                                                               
03300021C2031030 2054375370001370033006500490028050300065 0000480000414 AUTO GERAL DE ITU LTDA                                                                              00000                                   00000000                    
0330002300001J00034191558900000094501127217851970076000777000CENTER PECAS FABBRI LTDA      25012013000000000009450000000000000000000000000000000250120130000000000094500000000000000003226                900003509           09      00        
0330002300002Z70976E1BB3E1AD38E8D3AF7                                         PGTFORNB25012013900003509                                                                                                                               00        
0330002300003J00034197558900000025001127217852130076000777000CENTER PECAS FABBRI LTDA      25012013000000000002500000000000000000000000000000000250120130000000000025000000000000000003227                900003510           09      00        
0330002300004Z70976E1DEA4EFC796CB5ADF                                         PGTFORNB25012013900003510                                                                                                                               00        
0330002300005J00034192558900001048001127282764480076000777000CENTER PECAS FABBRI LTDA      25012013000000000104800000000000000000000000000000000250120130000000001048000000000000000003228                900003511           09      00        
0330002300006Z70976E1CBB95892C8A6DF14                                         PGTFORNB25012013900003511                                                                                                                               00        
0330002300007J00034193558900000096001127282764550076000777000CENTER PECAS FABBRI LTDA      25012013000000000009600000000000000000000000000000000250120130000000000096000000000000000003229                900003512           09      00        
0330002300008Z70976E1321A1CBB616F1D0A                                         PGTFORNB25012013900003512                                                                                                                               00        
0330002300009J00023796558900000317173262090000033047700935470COMDIP COMERCIAL DISTR DE PECA25012013000000000031717000000000000000000000000000000250120130000000000317170000000000000003230                900003513           09      00        
0330002300010Z70976E15A848D862EA505B4                                         PGTFORNB25012013900003513                                                                                                                               00        
0330002300011J00034193558900000920151571287722534522114471000COML NV MILLENNIUN A P LTDA EP25012013000000000092015000000000004600000000000000000250120130000000000874150000000000000003231                900003514           09      00        
0330002300012Z70976E13153DB09E440948A                                         PGTFORNB25012013900003514                                                                                                                               00        
0330002300013J00034191558900003360001126367368142938030539000DELPHI AUTOM SYSTEMS BR LTDA  25012013000000000336000000000000000000000000000000000250120130000000003360000000000000000003232                900003515           09      00        
0330002300014Z70976E1A69BA2380D2ECFD2                                         PGTFORNB25012013900003515                                                                                                                               00        
0330002300015J00034191558900000901941126931873072938000052000EATON LTDA                    25012013000000000090194000000000000000000000000000000250120130000000000901940000000000000003240                900003523           09      00        
0330002300016Z70976E1940A7A96B1F86A56                                         PGTFORNB25012013900003523                                                                                                                               00        
0330002300017J00034195558900000099931090304366960109276204000GIRANDO COMERCIO DE PECAS LTDA25012013000000000009993000000000000000000000000000000250120130000000000099930000000000000003241                900003524           09      00        
0330002300018Z70976E1518BD7AFAC41C37D                                         PGTFORNB25012013900003524                                                                                                                               00        
0330002300019J00034194558900000514741090304367040109276204000GIRANDO COMERCIO DE PECAS LTDA25012013000000000051474000000000000000000000000000000250120130000000000514740000000000000003242                900003525           09      00        
0330002300020Z70976E1A641F8E764F28A24                                         PGTFORNB25012013900003525                                                                                                                               00        
0330002300021J00034197558900000181001090000071490164466153000IRANI MANSINI AMARAL ME       25012013000000000018100000000000000000000000000000000250120130000000000181000000000000000003243                900003526           09      00        
0330002300022Z70976E1CB3AAD4257355442                                         PGTFORNB25012013900003526                                                                                                                               00        
0330002300023J00023793558900004768972500090256570286100000340ODAPEL DISTRIBUIDORA DE AUTO P25012013000000000476897000000000000000000000000000000250120130000000004768970000000000000003244                900003527           09      00        
0330002300024Z70976E15252520C3549341A                                         PGTFORNB25012013900003527                                                                                                                               00        
0330002300025J00023792558900005532272500090256570289500000340ODAPEL DISTRIBUIDORA DE AUTO P25012013000000000553227000000000000000000000000000000250120130000000005532270000000000000003245                900003528           09      00        
0330002300026Z70976E109B22CA1B5875BC5                                         PGTFORNB25012013900003528                                                                                                                               00        
0330002300027J00034198558900001397161127180901140028711018000POPPE DO BRASIL LTDA          25012013000000000139716000000000000000000000000000000250120130000000001397160000000000000003246                900003529           09      00        
0330002300028Z70976E1732CEE6EE84378B4                                         PGTFORNB25012013900003529                                                                                                                               00        
0330002300029J00039998558900009733812315376959105313093513001REAL MOTO PECAS LTDA          25012013000000000973381000000000000000000000000000000250120130000000009733810000000000000003247                900003530           09      00        
0330002300030Z70976E1A8C74518A1E21B13                                         PGTFORNB25012013900003530                                                                                                                               00        
0330002300031J00039991558900001255772315361446605313093513001REAL MOTO PECAS LTDA          25012013000000000125577000000000000000000000000000000250120130000000001255770000000000000003248                900003531           09      00        
0330002300032Z70976E1709DEBB4EF9CC9B3                                         PGTFORNB25012013900003531                                                                                                                               00        
0330002300033J00034191558900005364791127715940850065689424000SDUBO COM. IND. LTDA          25012013000000000536479000000000000000000000000000000250120130000000005364790000000000000003249                900003532           09      00        
0330002300034Z70976E1C338DE081B1CF673                                         PGTFORNB25012013900003532                                                                                                                               00        
0330002300035J00034192558900005791761127485105033184122228000UNIVERSAL AUTOMOTIVE SYSTEMS S25012013000000000579176000000000000000000000000000000250120130000000005791760000000000000003250                900003533           09      00        
0330002300036Z70976E1EE31945EC6C98926                                         PGTFORNB25012013900003533                                                                                                                               00        
0330002300037J00034191558900000765681571245382956260139677000ABDELNOR II COM COMB LTDA     25012013000000000076568000000000000000000000000000000250120130000000000765680000000000000003251                900003534           09      00        
0330002300038Z70976E1FEFA170766C7F087                                         PGTFORNB25012013900003534                                                                                                                               00        
0330002300039J00023794558900000296560138092349000002601453000OBB CONSULTORIA E PARTICIPACOE25012013000000000029656000000000000000000000000000000250120130000000000296560000000000000003236                900003519           09      00        
0330002300040Z70976E16455DC3B03CD85CD                                         PGTFORNB25012013900003519                                                                                                                               00        
0330002300041J00034194558900000324101126465370382938000052000EATON LTDA                    25012013000000000032410000000000000000000000000000000250120130000000000324100000000000000003237                900003520           09      00        
0330002300042Z70976E14E1B31725ADD6CF3                                         PGTFORNB25012013900003520                                                                                                                               00        
0330002300043J00034195558900000487931126465371602938000052000EATON LTDA                    25012013000000000048793000000000000000000000000000000250120130000000000487930000000000000003238                900003521           09      00        
0330002300044Z70976E1FCA59CF96D10D7FD                                         PGTFORNB25012013900003521                                                                                                                               00        
0330002300045J00034197558900000090521126500592592938000052000EATON LTDA                    25012013000000000009052000000000000000000000000000000250120130000000000090520000000000000003239                900003522           09      00        
0330002300046Z70976E14C63825A46A7624E                                         PGTFORNB25012013900003522                                                                                                                               00        
03300025         000048000000000004332175000000000000000000310125                                                                                                                                                                               
03399999         000002000060000000                                                                                                                                                                                                             
