03300000         2054375370001370033006500490028050300065 0000480000414 AUTO GERAL DE ITU LTDA        SANTANDER                               20503201302290700025106000000                                                                     
03300011C2030030 2054375370001370033006500490028050300065 0000480000414 AUTO GERAL DE ITU LTDA                                                                              00000                                   00000000                    
0330001300001J00035696562800000192250689070323480000003264160DISTRIBUIDORA AUTOMOTIVA S.A. 05032013000000000019225000000000000000000000000000000050320130000000000192250000000000000004532                900004816           09      00        
0330001300002Z70976E107D71075EB258D72                                         PGTFORNB05032013900004816                                                                                                                               00        
0330001300003J00035692562800000459580689070323430000003264181DISTRIBUIDORA AUTOMOTIVA S.A. 05032013000000000045958000000000000000000000000000000050320130000000000459580000000000000004533                900004817           09      00        
0330001300004Z70976E1C44C9BB742E466C4                                         PGTFORNB05032013900004817                                                                                                                               00        
0330001300005J00035691562800000177180689070323430000003264157DISTRIBUIDORA AUTOMOTIVA S.A. 05032013000000000017718000000000000000000000000000000050320130000000000177180000000000000004534                900004818           09      00        
0330001300006Z70976E134B396F972F5693E                                         PGTFORNB05032013900004818                                                                                                                               00        
0330001300007J00003391562800001345429482966200000025844760104BAP AUTOMOTIVA LTDA           05032013000000000134542000000000000000000000000000000050320130000000001345420000000000000004521                900004801           09      00        
0330001300008Z70976E1FD79A621A86E19A5                                         PGTFORNB05032013900004801                                                                                                                               00        
0330001300009J00003395562800001744929472544100000001281800104CINPAL CIA IND DE PECAS P/ AUT05032013000000000174492000000000000000000000000000000050320130000000001744920000000000000004523                900004802           09      00        
0330001300010Z70976E1540619E6BA3DFABB                                         PGTFORNB05032013900004802                                                                                                                               00        
0330001300011J00003397562800002003419472544100000001282280104CINPAL CIA IND DE PECAS P/ AUT05032013000000000200341000000000000000000000000000000050320130000000002003410000000000000004524                900004803           09      00        
0330001300012Z70976E1FDE1A60D52ED3AFD                                         PGTFORNB05032013900004803                                                                                                                               00        
03300015         000014000000000000592276000000000000000000300305                                                                                                                                                                               
03300021C2031030 2054375370001370033006500490028050300065 0000480000414 AUTO GERAL DE ITU LTDA                                                                              00000                                   00000000                    
0330002300001J00039999562800000450131769380283011960078237001BAP AUTOMOTIVA LTDA           05032013000000000045013000000000000000000000000000000050320130000000000450130000000000000004517                900004804           09      00        
0330002300002Z70976E1E1ED66C3EA3E02BB                                         PGTFORNB05032013900004804                                                                                                                               00        
0330002300003J00023792562800002477943484093032000027201129000PETRONAS LUBRIFICANTES BRASIL 05032013000000000247794000000000000000000000000000000050320130000000002477940000000000000004551                900004835           09      00        
0330002300004Z70976E1D9C3384EABA43A09                                         PGTFORNB05032013900004835                                                                                                                               00        
0330002300005J00023796562800003141423372093032000020005187730RCD COMERCIO  E INDUSTRIA LTDA05032013000000000314142000000000000000000000000000000050320130000000003141420000000000000004552                900004836           09      00        
0330002300006Z70976E1E9F5AD14C5E6D99C                                         PGTFORNB05032013900004836                                                                                                                               00        
0330002300007J00039998562800002998921769384355311960078237001BAP AUTOMOTIVA LTDA           05032013000000000299892000000000000000000000000000000050320130000000002998920000000000000004518                900004805           09      00        
0330002300008Z70976E17113851020E69759                                         PGTFORNB05032013900004805                                                                                                                               00        
0330002300009J00039991562800000484491769384354511960078237001BAP AUTOMOTIVA LTDA           05032013000000000048449000000000000000000000000000000050320130000000000484490000000000000004519                900004806           09      00        
0330002300010Z70976E121FBD17AE3814E1E                                         PGTFORNB05032013900004806                                                                                                                               00        
0330002300011J00039993562800000396921769380282211960078237001BAP AUTOMOTIVA LTDA           05032013000000000039692000000000000000000000000000000050320130000000000396920000000000000004520                900004807           09      00        
0330002300012Z70976E1D8A194180A5415CA                                         PGTFORNB05032013900004807                                                                                                                               00        
0330002300013J00039998562800000314591769428540604061860231001CAR CENTRAL DE AUTOPECAS E ROL05032013000000000031459000000000000000000000000000000050320130000000000314590000000000000004522                900004808           09      00        
0330002300014Z70976E1ED97E14C8A45C0D5                                         PGTFORNB05032013900004808                                                                                                                               00        
0330002300015J00034192562800002417181126979027272938040108000CINPAL CIA IND DE PECAS P/ AUT05032013000000000241718000000000000000000000000000000050320130000000002417180000000000000004525                900004809           09      00        
0330002300016Z70976E11ED3E63F80C2E0BB                                         PGTFORNB05032013900004809                                                                                                                               00        
0330002300017J00023799562800000286093262090000035087900935470COMDIP COMERCIAL DISTR DE PECA05032013000000000028609000000000000000000000000000000050320130000000000286090000000000000004526                900004810           09      00        
0330002300018Z70976E1B503DCC6EFFB7B6A                                         PGTFORNB05032013900004810                                                                                                                               00        
0330002300019J00023798562800000615163262090000033641200935470COMDIP COMERCIAL DISTR DE PECA05032013000000000061516000000000000000000000000000000050320130000000000615160000000000000004527                900004811           09      00        
0330002300020Z70976E1B210CA876FEAF519                                         PGTFORNB05032013900004811                                                                                                                               00        
0330002300021J00023791562800000161472002061316131447100829680COMERCIAL AUTOMOTIVA S.A.     05032013000000000016147000000000000000000000000000000050320130000000000161470000000000000004528                900004812           09      00        
0330002300022Z70976E146E3CF8E98F25EAE                                         PGTFORNB05032013900004812                                                                                                                               00        
0330002300023J00000191562800001628250000001011760000004021418COMPEL DISTR E COM DE AUTO PEC05032013000000000162825000000000000000000000000000000050320130000000001628250000000000000004529                900004813           09      00        
0330002300024Z70976E1B1EA006BAB89D32C                                         PGTFORNB05032013900004813                                                                                                                               00        
0330002300025J00000193562800000343210000001011760000004021318COMPEL DISTR E COM DE AUTO PEC05032013000000000034321000000000000000000000000000000050320130000000000343210000000000000004530                900004814           09      00        
0330002300026Z70976E1784374A6CC780F8B                                         PGTFORNB05032013900004814                                                                                                                               00        
0330002300027J00000191562800000552050000001011760000004021718COMPEL DISTR E COM DE AUTO PEC05032013000000000055205000000000000000000000000000000050320130000000000552050000000000000004531                900004815           09      00        
0330002300028Z70976E1D96E87C99A6013C0                                         PGTFORNB05032013900004815                                                                                                                               00        
0330002300029J00034196562800000005801127899620502938000052000EATON LTDA                    05032013000000000000580000000000000000000000000000000050320130000000000005800000000000000004535                900004819           09      00        
0330002300030Z70976E18A46E23A86223578                                         PGTFORNB05032013900004819                                                                                                                               00        
0330002300031J00034195562800000208341127899634472938000052000EATON LTDA                    05032013000000000020834000000000000000000000000000000050320130000000000208340000000000000004536                900004820           09      00        
0330002300032Z70976E17014ACF591831008                                         PGTFORNB05032013900004820                                                                                                                               00        
0330002300033J00000196562800001200000000001702613000000092517F5 CREATIVE FILMS LTDA        05032013000000000120000000000000000000000000000000000050320130000000001200000000000000000004537                900004821           09      00        
0330002300034Z70976E129C50C15D86DE67C                                         PGTFORNB05032013900004821                                                                                                                               00        
0330002300035J00000198562800000950000000001702613000000092617F5 CREATIVE FILMS LTDA        05032013000000000095000000000000000000000000000000000050320130000000000950000000000000000004538                900004822           09      00        
0330002300036Z70976E19C4809EF3EB9E8F1                                         PGTFORNB05032013900004822                                                                                                                               00        
0330002300037J00000197562800003299260000002175416000003448717SK AUTOMOTIVE S/A DISTR AUTOPE05032013000000000329926000000000000000000000000000000050320130000000003299260000000000000004557                900004841           09      00        
0330002300038Z70976E1E428E6471FE9C679                                         PGTFORNB05032013900004841                                                                                                                               00        
0330002300039J00000199562800000880210000002175416000003451117SK AUTOMOTIVE S/A DISTR AUTOPE05032013000000000088021000000000000000000000000000000050320130000000000880210000000000000004558                900004842           09      00        
0330002300040Z70976E17D5B11669E7AD73B                                         PGTFORNB05032013900004842                                                                                                                               00        
0330002300041J00000191562800000482180000001451450000037161617SK AUTOMOTIVE S/A DISTR AUTOPE05032013000000000048218000000000000000000000000000000050320130000000000482180000000000000004559                900004843           09      00        
0330002300042Z70976E16E65B76175ABC896                                         PGTFORNB05032013900004843                                                                                                                               00        
0330002300043J00034197562800000151921127382316493184122228000UNIVERSAL AUTOMOTIVE SYSTEMS S05032013000000000015192000000000000000000000000000000050320130000000000151920000000000000004560                900004844           09      00        
0330002300044Z70976E1C9DFCF51902B18E8                                         PGTFORNB05032013900004844                                                                                                                               00        
0330002300045J00034191562800001903571090304561080109276204000GIRANDO COMERCIO DE PECAS LTDA05032013000000000190357000000000000000000000000000000050320130000000001903570000000000000004539                900004823           09      00        
0330002300046Z70976E1C5C30F48332DCD20                                         PGTFORNB05032013900004823                                                                                                                               00        
0330002300047J00034194562800000859201090304561160109276204000GIRANDO COMERCIO DE PECAS LTDA05032013000000000085920000000000000000000000000000000050320130000000000859200000000000000004540                900004824           09      00        
0330002300048Z70976E1CFD76971F3C1DCF6                                         PGTFORNB05032013900004824                                                                                                                               00        
0330002300049J00034196562800003832451090304560170109276204000GIRANDO COMERCIO DE PECAS LTDA05032013000000000383245000000000000000000000000000000050320130000000003832450000000000000004541                900004825           09      00        
0330002300050Z70976E16FF29D3EB47EBE77                                         PGTFORNB05032013900004825                                                                                                                               00        
0330002300051J00034195562800000353991090304564880109276204000GIRANDO COMERCIO DE PECAS LTDA05032013000000000035399000000000000000000000000000000050320130000000000353990000000000000004542                900004826           09      00        
0330002300052Z70976E1B29F818662515AB4                                         PGTFORNB05032013900004826                                                                                                                               00        
0330002300053J00034196562800000210911090304559510109276204000GIRANDO COMERCIO DE PECAS LTDA05032013000000000021091000000000000000000000000000000050320130000000000210910000000000000004543                900004827           09      00        
0330002300054Z70976E133CB014FE15CFBF6                                         PGTFORNB05032013900004827                                                                                                                               00        
0330002300055J00034191562800000348301090304560900109276204000GIRANDO COMERCIO DE PECAS LTDA05032013000000000034830000000000000000000000000000000050320130000000000348300000000000000004544                900004828           09      00        
0330002300056Z70976E1287943370751C5E4                                         PGTFORNB05032013900004828                                                                                                                               00        
0330002300057J00034191562800000105291090304559690109276204000GIRANDO COMERCIO DE PECAS LTDA05032013000000000010529000000000000000000000000000000050320130000000000105290000000000000004545                900004829           09      00        
0330002300058Z70976E1640922F409EBD26B                                         PGTFORNB05032013900004829                                                                                                                               00        
0330002300059J00034197562800002644001091724326141248027078000BANCO VOTORANTIM SA           05032013000000000264400000000000000000000000000000000050320130000000002644000000000000000004546                900004830           09      00        
0330002300060Z70976E108EF83C2B931523A                                         PGTFORNB05032013900004830                                                                                                                               00        
0330002300061J00000195562800015872280444224548234120000204711INSTALADORA SAO MARCOS LTDA   05032013000000001587228000000000000000000000000000000050320130000000015872280000000000000004547                900004831           09      00        
0330002300062Z70976E12CDF5D493FCA4903                                         PGTFORNB05032013900004831                                                                                                                               00        
0330002300063J00023791562800000516443392023023000002900201630LNG IMP EXP DE AUTOPECAS LTDA 05032013000000000051644000000000000000000000000000000050320130000000000516440000000000000004548                900004832           09      00        
0330002300064Z70976E1D73867B1A14238BA                                         PGTFORNB05032013900004832                                                                                                                               00        
0330002300065J00023791562800000248003372097672311634200767230MAGGI VEICULOS LTDA           05032013000000000024800000000000000000000000000000000050320130000000000248000000000000000004549                900004833           09      00        
0330002300066Z70976E1CA2F1738FF2F031A                                         PGTFORNB05032013900004833                                                                                                                               00        
0330002300067J00034196562800000490001090001331627159054795000MERCALF DIESEL LTDA           05032013000000000049000000000000000000000000000000000050320130000000000490000000000000000004550                900004834           09      00        
0330002300068Z70976E1B4F5AE0E50CDE5B1                                         PGTFORNB05032013900004834                                                                                                                               00        
0330002300069J00039991562800000587763133553275105313093513001REAL MOTO PECAS LTDA          05032013000000000058776000000000000000000000000000000050320130000000000587760000000000000004553                900004837           09      00        
0330002300070Z70976E1D141F787847648EC                                         PGTFORNB05032013900004837                                                                                                                               00        
0330002300071J00039991562800001460723133547650905313093513001REAL MOTO PECAS LTDA          05032013000000000146072000000000000000000000000000000050320130000000001460720000000000000004554                900004838           09      00        
0330002300072Z70976E1DAB2A26C0E69E3CD                                         PGTFORNB05032013900004838                                                                                                                               00        
0330002300073J00000195562800000721290000001451450000037161817SK AUTOMOTIVE S/A DISTR AUTOPE05032013000000000072129000000000000000000000000000000050320130000000000721290000000000000004555                900004839           09      00        
0330002300074Z70976E1610E08EFDB0FE852                                         PGTFORNB05032013900004839                                                                                                                               00        
0330002300075J00000191562800006903030000002175416000003449117SK AUTOMOTIVE S/A DISTR AUTOPE05032013000000000690303000000000000000000000000000000050320130000000006903030000000000000004556                900004840           09      00        
0330002300076Z70976E19DAEE533E8CA7753                                         PGTFORNB05032013900004840                                                                                                                               00        
03300025         000078000000000006050276000000000000000000310305                                                                                                                                                                               
03300031C2003031 2054375370001370033006500490028050300065 0000480000414 AUTO GERAL DE ITU LTDA                                                                              00000                                   00000000                    
0330003300001A0007003410156900000000151903 EDER PAULO NUNES ARAUJO       4565                05032013BRL000000000000000000000000135851900004800           05032013000000000135851                                        07          000        
0330003300002B   100021092505857                              00000                                                  00000000  050320130000000001358510000000000000000000000000000000000000000000000000000000000000000                00        
0330003300003Z70976E1D86B3687D038DDC5                                         PGTFORNB05032013900004800                                                                                                                               00        
03300035         000005000000000000135851000000000000000000030305                                                                                                                                                                               
03399999         000003000099000000                                                                                                                                                                                                             
