03300000         2054375370001370033006500490028050300065 0000480000414 AUTO GERAL DE ITU LTDA        SANTANDER                               22803201302225300029806000000                                                                     
03300011C2030030 2054375370001370033006500490028050300065 0000480000414 AUTO GERAL DE ITU LTDA                                                                              00000                                   00000000                    
0330001300001J00003394565200017276079148017000000002200510104IND E COM AUTO PECAS REI LTDA 29032013000000001727607000000000000000000000000000000280320130000000017276070000000000000005374                900005639           09      00        
0330001300002Z70976E1CDA0C904943B25D2                                         PGTFORNB28032013900005639                                                                                                                               00        
03300015         000004000000000001727607000000000000000000300328                                                                                                                                                                               
03300021C2031030 2054375370001370033006500490028050300065 0000480000414 AUTO GERAL DE ITU LTDA                                                                              00000                                   00000000                    
0330002300001J00034191565200000299301090002099780137627725000ALENAN COML DE PECAS E ACS LTD29032013000000000029930000000000000000000000000000000280320130000000000299300000000000000005357                900005640           09      00        
0330002300002Z70976E175D072F2A40C7BAC                                         PGTFORNB28032013900005640                                                                                                                               00        
0330002300003J00034193565100000154391572119429204522114471000COML NV MILLENNIUN A P LTDA EP28032013000000000015439000000000000771000000000000000280320130000000000146680000000000000005417                900005699           09      00        
0330002300004Z70976E14FB215BFDCE39E0E                                         PGTFORNB28032013900005699                                                                                                                               00        
0330002300005J00023796565200000307433392023058000032201078260CAMBUCI ACESSORIOS LTDA       29032013000000000030743000000000000000000000000000000280320130000000000307430000000000000005358                900005641           09      00        
0330002300006Z70976E19807CCECA30EBE35                                         PGTFORNB28032013900005641                                                                                                                               00        
0330002300007J00034193565200000056001128874215200076000777000CENTER PECAS FABBRI LTDA      29032013000000000005600000000000000000000000000000000280320130000000000056000000000000000005365                900005648           09      00        
0330002300008Z70976E13AC3D9D3A5997C10                                         PGTFORNB28032013900005648                                                                                                                               00        
0330002300009J00034195565200001335021129149047200360545834000COBRA ROLAMENTOS E AUTO PECAS 29032013000000000133502000000000000000000000000000000280320130000000001335020000000000000005366                900005649           09      00        
0330002300010Z70976E12B30CC5A20909B0E                                         PGTFORNB28032013900005649                                                                                                                               00        
0330002300011J00034191565200001258401129149054530360545834000COBRA ROLAMENTOS E AUTO PECAS 29032013000000000125840000000000000000000000000000000280320130000000001258400000000000000005367                900005650           09      00        
0330002300012Z70976E181E35FF93F01B32C                                         PGTFORNB28032013900005650                                                                                                                               00        
0330002300013J00034191565200000677521572253598064522114471000COML NV MILLENNIUN A P LTDA EP29032013000000000067752000000000003387000000000000000280320130000000000643650000000000000005368                900005651           09      00        
0330002300014Z70976E1DCD372BC215DD82B                                         PGTFORNB28032013900005651                                                                                                                               00        
0330002300015J00034199565200001064341129422467060249809195000DRIVEWAY INDUSTRIA BRASILEIRA 29032013000000000106434000000000000000000000000000000280320130000000001064340000000000000005369                900005652           09      00        
0330002300016Z70976E1C4BBB87C63D41DEA                                         PGTFORNB28032013900005652                                                                                                                               00        
0330002300017J00034192565200000210141128185280702938000052000EATON LTDA                    29032013000000000021014000000000000000000000000000000280320130000000000210140000000000000005370                900005653           09      00        
0330002300018Z70976E14E979F93B3642FEC                                         PGTFORNB28032013900005653                                                                                                                               00        
0330002300019J00034199565200002280511128185281462938000052000EATON LTDA                    29032013000000000228051000000000000000000000000000000280320130000000002280510000000000000005371                900005654           09      00        
0330002300020Z70976E1DA7BE0732730DCE0                                         PGTFORNB28032013900005654                                                                                                                               00        
0330002300021J00034196565200001039501128959499422938000052000EATON LTDA                    29032013000000000103950000000000000000000000000000000280320130000000001039500000000000000005372                900005655           09      00        
0330002300022Z70976E13B886A3D246F4D07                                         PGTFORNB28032013900005655                                                                                                                               00        
0330002300023J00034196565200018580881129160163172938017569000FRAS-LE S/A                   29032013000000001858088000000000000000000000000000000280320130000000018580880000000000000005373                900005656           09      00        
0330002300024Z70976E1F9C2A64DFD3F7582                                         PGTFORNB28032013900005656                                                                                                                               00        
0330002300025J00023797565200000406002199090000012107900203330JBI COMERCIAL DE PLASTICOS REF29032013000000000040600000000000000000000000000000000280320130000000000406000000000000000005375                900005657           09      00        
0330002300026Z70976E1340AF87CE782C74A                                         PGTFORNB28032013900005657                                                                                                                               00        
0330002300027J00023797565200000615703392023050000003900201630LNG IMP EXP DE AUTOPECAS LTDA 29032013000000000061570000000000000000000000000000000280320130000000000615700000000000000005376                900005658           09      00        
0330002300028Z70976E1DFBE1E973E5C030F                                         PGTFORNB28032013900005658                                                                                                                               00        
0330002300029J00023792565200000812783484093057000053601129000PETRONAS LUBRIFICANTES BRASIL 29032013000000000081278000000000000000000000000000000280320130000000000812780000000000000005377                900005659           09      00        
0330002300030Z70976E1ECB3D5F1C28D18C1                                         PGTFORNB28032013900005659                                                                                                                               00        
0330002300031J00034198565200002610531129420157470191074004000POLIPECAS COMERCIAL E IMPORTAD29032013000000000261053000000000018274000000000000000280320130000000002427790000000000000005378                900005660           09      00        
0330002300032Z70976E1587E6D9F63574941                                         PGTFORNB28032013900005660                                                                                                                               00        
0330002300033J00039993565200001382582995107788505313093513001REAL MOTO PECAS LTDA          29032013000000000138258000000000000000000000000000000280320130000000001382580000000000000005379                900005661           09      00        
0330002300034Z70976E1F1B1B75C49D4F4C2                                         PGTFORNB28032013900005661                                                                                                                               00        
0330002300035J00039995565200002617772995107002305313093513001REAL MOTO PECAS LTDA          29032013000000000261777000000000000000000000000000000280320130000000002617770000000000000005380                900005662           09      00        
0330002300036Z70976E1F96E747A85629B9B                                         PGTFORNB28032013900005662                                                                                                                               00        
0330002300037J00039996565200000951023133586600505313093513001REAL MOTO PECAS LTDA          29032013000000000095102000000000000000000000000000000280320130000000000951020000000000000005381                900005663           09      00        
0330002300038Z70976E19C55BD6E4BF13FC2                                         PGTFORNB28032013900005663                                                                                                                               00        
0330002300039J00039991565200001951393133586880605313093513001REAL MOTO PECAS LTDA          29032013000000000195139000000000000000000000000000000280320130000000001951390000000000000005382                900005664           09      00        
0330002300040Z70976E1B93D8847860A1C03                                         PGTFORNB28032013900005664                                                                                                                               00        
0330002300041J00023798565200000403143395061180232942200028140ROCHESTER DISTRIBUIDORA DE AUT29032013000000000040314000000000000000000000000000000280320130000000000403140000000000000005383                900005665           09      00        
0330002300042Z70976E1094322E02FE8D3D7                                         PGTFORNB28032013900005665                                                                                                                               00        
0330002300043J00023792565200000552583395090000005104600650000SORANA SUL                    29032013000000000055258000000000000000000000000000000280320130000000000552580000000000000005384                900005666           09      00        
0330002300044Z70976E14407C9B007B2C322                                         PGTFORNB28032013900005666                                                                                                                               00        
0330002300045J00034191565200000087001091478274580513721555000VENANPECAS LTDA               29032013000000000008700000000000000000000000000000000280320130000000000087000000000000000005385                900005667           09      00        
0330002300046Z70976E1AF0BAE0C45A13420                                         PGTFORNB28032013900005667                                                                                                                               00        
0330002300047J00000199565300000250901823850912229130010401917CAMPINAS DIESEL LTDA          30032013000000000025090000000000000000000000000000000280320130000000000250900000000000000005386                900005668           09      00        
0330002300048Z70976E1BB3A158F092D42C0                                         PGTFORNB28032013900005668                                                                                                                               00        
0330002300049J00034191565300000096951128874215530076000777000CENTER PECAS FABBRI LTDA      30032013000000000009695000000000000000000000000000000280320130000000000096950000000000000005387                900005669           09      00        
0330002300050Z70976E1639E58F8DF7A1ADC                                         PGTFORNB28032013900005669                                                                                                                               00        
0330002300051J00034191565300000064051128874215870076000777000CENTER PECAS FABBRI LTDA      30032013000000000006405000000000000000000000000000000280320130000000000064050000000000000005388                900005670           09      00        
0330002300052Z70976E1B8678EF98CECC0FB                                         PGTFORNB28032013900005670                                                                                                                               00        
0330002300053J00034191565300000079001128874215950076000777000CENTER PECAS FABBRI LTDA      30032013000000000007900000000000000000000000000000000280320130000000000079000000000000000005389                900005671           09      00        
0330002300054Z70976E1A63B002AB0B06FD1                                         PGTFORNB28032013900005671                                                                                                                               00        
0330002300055J00034191565300001127341128076606030046365078000FELICIO VIGORITO FILHOS LTDA  30032013000000000112734000000000000000000000000000000280320130000000001127340000000000000005390                900005672           09      00        
0330002300056Z70976E15DF6DBE2E5CBD012                                         PGTFORNB28032013900005672                                                                                                                               00        
0330002300057J00000192565300000573010444784652434120000204711INSTALADORA SAO MARCOS LTDA   30032013000000000057301000000000000000000000000000000280320130000000000573010000000000000005391                900005673           09      00        
0330002300058Z70976E11FA28F16ED2B77E9                                         PGTFORNB28032013900005673                                                                                                                               00        
0330002300059J00023791565300000155623394090000018013900324600MORELATE DISTRIBUIDORA DE AUTO30032013000000000015562000000000000000000000000000000280320130000000000155620000000000000005392                900005674           09      00        
0330002300060Z70976E181267CD2340016FF                                         PGTFORNB28032013900005674                                                                                                                               00        
0330002300061J00034191565300000624341128880970550384625000000PECAS AUTOMOTIVAS ZEENE LTDA  30032013000000000062434000000000000000000000000000000280320130000000000624340000000000000005393                900005675           09      00        
0330002300062Z70976E159C956417941B07B                                         PGTFORNB28032013900005675                                                                                                                               00        
0330002300063J00023796565300000265383484093030000049701129000PETRONAS LUBRIFICANTES BRASIL 30032013000000000026538000000000000000000000000000000280320130000000000265380000000000000005394                900005676           09      00        
0330002300064Z70976E1EE9B8B85DE80A12C                                         PGTFORNB28032013900005676                                                                                                                               00        
0330002300065J00023798565300008729223484093030000049801129000PETRONAS LUBRIFICANTES BRASIL 30032013000000000872922000000000000000000000000000000280320130000000008729220000000000000005395                900005677           09      00        
0330002300066Z70976E1138B340CE695EF55                                         PGTFORNB28032013900005677                                                                                                                               00        
0330002300067J00023791565300003704753392091300604735700106490SERASA S.A                    30032013000000000370475000000000000000000000000000000280320130000000003704750000000000000005396                900005678           09      00        
0330002300068Z70976E118DCD2C45A17816D                                         PGTFORNB28032013900005678                                                                                                                               00        
0330002300069J00023797565400000333003394093704083810100039600DE NIGRIS DISTR DE VEIC LTDA  31032013000000000033300000000000000000000000000000000280320130000000000333000000000000000005406                900005688           09      00        
0330002300070Z70976E17F4340C0A8B841B3                                         PGTFORNB28032013900005688                                                                                                                               00        
0330002300071J00000191565400001203000000001563680000003196117DIRECOES HIDRAULICAS LONDRINA 31032013000000000120300000000000000000000000000000000280320130000000001203000000000000000005407                900005689           09      00        
0330002300072Z70976E1B2F5C05B56103141                                         PGTFORNB28032013900005689                                                                                                                               00        
0330002300073J00034199565400000251311128269694722938000052000EATON LTDA                    31032013000000000025131000000000000000000000000000000280320130000000000251310000000000000005408                900005690           09      00        
0330002300074Z70976E1A3A681FC9C8AC9F1                                         PGTFORNB28032013900005690                                                                                                                               00        
0330002300075J00034192565400000782961129069691942938000052000EATON LTDA                    31032013000000000078296000000000000000000000000000000280320130000000000782960000000000000005409                900005691           09      00        
0330002300076Z70976E188325365EAD65ACF                                         PGTFORNB28032013900005691                                                                                                                               00        
0330002300077J00034199565400002210281129069690462938000052000EATON LTDA                    31032013000000000221028000000000000000000000000000000280320130000000002210280000000000000005410                900005692           09      00        
0330002300078Z70976E124B88D6DF05156EE                                         PGTFORNB28032013900005692                                                                                                                               00        
0330002300079J00034192565400000164511129069685922938000052000EATON LTDA                    31032013000000000016451000000000000000000000000000000280320130000000000164510000000000000005411                900005693           09      00        
0330002300080Z70976E166040A3DAA5AA825                                         PGTFORNB28032013900005693                                                                                                                               00        
0330002300081J00034196565400000111651129069686262938000052000EATON LTDA                    31032013000000000011165000000000000000000000000000000280320130000000000111650000000000000005412                900005694           09      00        
0330002300082Z70976E1BAFFCB811182EE86                                         PGTFORNB28032013900005694                                                                                                                               00        
0330002300083J00023791565400001016073394090000018090200324600MORELATE DISTRIBUIDORA DE AUTO31032013000000000101607000000000000000000000000000000280320130000000001016070000000000000005413                900005695           09      00        
0330002300084Z70976E15230BE3B6F7E255B                                         PGTFORNB28032013900005695                                                                                                                               00        
0330002300085J00023793565400001185503395061180232946200028140ROCHESTER DISTRIBUIDORA DE AUT31032013000000000118550000000000000000000000000000000280320130000000001185500000000000000005414                900005696           09      00        
0330002300086Z70976E1A7A1009850071355                                         PGTFORNB28032013900005696                                                                                                                               00        
0330002300087J00023791565400000524103381093073000057400030500CREDIT BRASIL FUNDO DE INVESTI31032013000000000052410000000000000000000000000000000280320130000000000524100000000000000005415                900005697           09      00        
0330002300088Z70976E1CC5A0200F6FA2AD5                                         PGTFORNB28032013900005697                                                                                                                               00        
0330002300089J00023791565400000332943381093073000057300030500CREDIT BRASIL FUNDO DE INVESTI31032013000000000033294000000000000000000000000000000280320130000000000332940000000000000005416                900005698           09      00        
0330002300090Z70976E11525A3C3BCCEB2CC                                         PGTFORNB28032013900005698                                                                                                                               00        
0330002300091J00023794565300000587543395090000005392000650000SORANA SUL                    30032013000000000058754000000000000000000000000000000280320130000000000587540000000000000005397                900005679           09      00        
0330002300092Z70976E1CC8ED5D1714BDA61                                         PGTFORNB28032013900005679                                                                                                                               00        
0330002300093J00023792565300000188533395090000005395400650000SORANA SUL                    30032013000000000018853000000000000000000000000000000280320130000000000188530000000000000005398                900005680           09      00        
0330002300094Z70976E12799E82B59D09B4F                                         PGTFORNB28032013900005680                                                                                                                               00        
0330002300095J00000192565300001604002912270000000000000122021SOUTEX CONFECCOES LTDA        30032013000000000160400000000000000000000000000000000280320130000000001604000000000000000005399                900005681           09      00        
0330002300096Z70976E1308549E22D366462                                         PGTFORNB28032013900005681                                                                                                                               00        
0330002300097J00034193565300000130001091478272430513721555000VENANPECAS LTDA               30032013000000000013000000000000000000000000000000000280320130000000000130000000000000000005400                900005682           09      00        
0330002300098Z70976E1D16E4D493F8A0BB2                                         PGTFORNB28032013900005682                                                                                                                               00        
0330002300099J00023799565300000239400090193060000003301013270WELLBOR AUTO PECAS LTDA       30032013000000000023940000000000000000000000000000000280320130000000000239400000000000000005401                900005683           09      00        
0330002300100Z70976E144AF774A3042D307                                         PGTFORNB28032013900005683                                                                                                                               00        
0330002300101J00034193565400000360651128180340120237417159000ACCIOLY SA IMP E COM          31032013000000000036065000000000000000000000000000000280320130000000000360650000000000000005402                900005684           09      00        
0330002300102Z70976E13398FA29E2573F45                                         PGTFORNB28032013900005684                                                                                                                               00        
0330002300103J00023793565400000583270495093035000031400995600CAOA CAMINHOES LTDA           31032013000000000058327000000000000000000000000000000280320130000000000583270000000000000005403                900005685           09      00        
0330002300104Z70976E1EA3FEBCF97F226C0                                         PGTFORNB28032013900005685                                                                                                                               00        
0330002300105J00023799565400000699930495093063000047500995600CAOA CAMINHOES LTDA           31032013000000000069993000000000000000000000000000000280320130000000000699930000000000000005404                900005686           09      00        
0330002300106Z70976E1C58108828DE824CF                                         PGTFORNB28032013900005686                                                                                                                               00        
0330002300107J00034191565400000106601129034582410076000777000CENTER PECAS FABBRI LTDA      31032013000000000010660000000000000000000000000000000280320130000000000106600000000000000005405                900005687           09      00        
0330002300108Z70976E185E39F0755D9F1DC                                         PGTFORNB28032013900005687                                                                                                                               00        
0330002300109J00039999565200000511521770574533104061860231001CAR CENTRAL DE AUTOPECAS E ROL29032013000000000051152000000000000000000000000000000280320130000000000511520000000000000005359                900005642           09      00        
0330002300110Z70976E189C3683CFE7FF85F                                         PGTFORNB28032013900005642                                                                                                                               00        
0330002300111J00039993565200000124321770574481504061860231001CAR CENTRAL DE AUTOPECAS E ROL29032013000000000012432000000000000000000000000000000280320130000000000124320000000000000005360                900005643           09      00        
0330002300112Z70976E1F799D429BFA99C4A                                         PGTFORNB28032013900005643                                                                                                                               00        
0330002300113J00039994565200000503831770574466104061860231001CAR CENTRAL DE AUTOPECAS E ROL29032013000000000050383000000000000000000000000000000280320130000000000503830000000000000005361                900005644           09      00        
0330002300114Z70976E10D302B8ED4E9176E                                         PGTFORNB28032013900005644                                                                                                                               00        
0330002300115J00039991565200000199801770574510204061860231001CAR CENTRAL DE AUTOPECAS E ROL29032013000000000019980000000000000000000000000000000280320130000000000199800000000000000005362                900005645           09      00        
0330002300116Z70976E1A24E2610568BF82C                                         PGTFORNB28032013900005645                                                                                                                               00        
0330002300117J00034196565200000063001128874215610076000777000CENTER PECAS FABBRI LTDA      29032013000000000006300000000000000000000000000000000280320130000000000063000000000000000005363                900005646           09      00        
0330002300118Z70976E19C26E150AF562707                                         PGTFORNB28032013900005646                                                                                                                               00        
0330002300119J00034199565200000124001128874215790076000777000CENTER PECAS FABBRI LTDA      29032013000000000012400000000000000000000000000000000280320130000000000124000000000000000005364                900005647           09      00        
0330002300120Z70976E1CD67A38568536ED6                                         PGTFORNB28032013900005647                                                                                                                               00        
03300025         000122000000000006924187000000000000000000310328                                                                                                                                                                               
03399999         000002000128000000                                                                                                                                                                                                             
