03300000         2054375370001370033006500490028050300065 0000480000414 AUTO GERAL DE ITU LTDA        SANTANDER                               21204201302193400032606000000                                                                     
03300011C2030030 2054375370001370033006500490028050300065 0000480000414 AUTO GERAL DE ITU LTDA                                                                              00000                                   00000000                    
0330001300001J00003398566600000487009492147000000000607800104J FREITAS COM IMP E EXP LTDA  12042013000000000048700000000000000000000000000000000120420130000000000487000000000000000005884                900006151           09      00        
0330001300002Z70976E13ABC57E246F1976C                                         PGTFORNB12042013900006151                                                                                                                               00        
0330001300003J00003391566600000393739484501300000017999750104BANCO SOFISA SA               12042013000000000039373000000000000000000000000000000120420130000000000393730000000000000005899                900006152           09      00        
0330001300004Z70976E10BF91ACB7ADE578F                                         PGTFORNB12042013900006152                                                                                                                               00        
03300015         000006000000000000088073000000000000000000300412                                                                                                                                                                               
03300021C2031030 2054375370001370033006500490028050300065 0000480000414 AUTO GERAL DE ITU LTDA                                                                              00000                                   00000000                    
0330002300001J00034193566600004400001572122032527372112321000ART LASER GRAFICA E EDITORA LT12042013000000000440000000000000000000000000000000000120420130000000004400000000000000000005870                900006153           09      00        
0330002300002Z70976E134314289D5C4EF7C                                         PGTFORNB12042013900006153                                                                                                                               00        
0330002300003J00000193566600000202640000002274856000026492917KRE COMERCIO DE PECAS LTDA    12042013000000000020264000000000000000000000000000000120420130000000000202640000000000000005886                900006168           09      00        
0330002300004Z70976E17250669BC516F25A                                         PGTFORNB12042013900006168                                                                                                                               00        
0330002300005J00000194566600000413340445324617824140005654411LAPONIA SUDESTE LTDA          12042013000000000041334000000000000000000000000000000120420130000000000413340000000000000005887                900006169           09      00        
0330002300006Z70976E13E262E1F5D0A385F                                         PGTFORNB12042013900006169                                                                                                                               00        
0330002300007J00023796566600000615693392023050000004000201630LNG IMP EXP DE AUTOPECAS LTDA 12042013000000000061569000000000000000000000000000000120420130000000000615690000000000000005888                900006170           09      00        
0330002300008Z70976E1F05C662CB6EFAEEB                                         PGTFORNB12042013900006170                                                                                                                               00        
0330002300009J00034197566600000524001128649016840384625000000PECAS AUTOMOTIVAS ZEENE LTDA  12042013000000000052400000000000000000000000000000000120420130000000000524000000000000000005889                900006171           09      00        
0330002300010Z70976E1F34D6D88809E0A68                                         PGTFORNB12042013900006171                                                                                                                               00        
0330002300011J00023795566600000812783484093057000053801129000PETRONAS LUBRIFICANTES BRASIL 12042013000000000081278000000000000000000000000000000120420130000000000812780000000000000005890                900006172           09      00        
0330002300012Z70976E15778D30042E25163                                         PGTFORNB12042013900006172                                                                                                                               00        
0330002300013J00039991566600001309952995135754305313093513001REAL MOTO PECAS LTDA          12042013000000000130995000000000000000000000000000000120420130000000001309950000000000000005891                900006173           09      00        
0330002300014Z70976E18058649FFB4B427A                                         PGTFORNB12042013900006173                                                                                                                               00        
0330002300015J00039992566600004218982995131676605313093513001REAL MOTO PECAS LTDA          12042013000000000421898000000000000000000000000000000120420130000000004218980000000000000005892                900006174           09      00        
0330002300016Z70976E1B8B8807F6001D559                                         PGTFORNB12042013900006174                                                                                                                               00        
0330002300017J00023791566600000523003395061180232958200028140ROCHESTER DISTRIBUIDORA DE AUT12042013000000000052300000000000000000000000000000000120420130000000000523000000000000000005893                900006175           09      00        
0330002300018Z70976E19DBEA1035BD158F8                                         PGTFORNB12042013900006175                                                                                                                               00        
0330002300019J00023796566600000427172372196600109080100360080TELEFONICA BRASIL S/A         12042013000000000042717000000000000000000000000000000120420130000000000427170000000000000005902                900006181           09      00        
0330002300020Z70976E1141EA28C72EFE42A                                         PGTFORNB12042013900006181                                                                                                                               00        
0330002300021J00010494566600000000009223380413031200300612098SIND. DOS COND. DE VEICULOS RO12042013000000000002900000000000000000000000000000000120420130000000000029000000000000000005903                900006182           09      00        
0330002300022Z70976E113496D2F092068E6                                         PGTFORNB12042013900006182                                                                                                                               00        
0330002300023J00034195566600002280001129291848627460278760000ASTRO TECNOLOGIA I C LTDA     12042013000000000228000000000000000000000000000000000120420130000000002280000000000000000005871                900006154           09      00        
0330002300024Z70976E1067FDD8A34B508FC                                         PGTFORNB12042013900006154                                                                                                                               00        
0330002300025J00034199566600000179141129213500993048000016000AUTOMEC COMERCIAL LTDA        12042013000000000017914000000000000000000000000000000120420130000000000179140000000000000005872                900006155           09      00        
0330002300026Z70976E191539A5B0686F328                                         PGTFORNB12042013900006155                                                                                                                               00        
0330002300027J00023791566600000268501509090000002386200958750AUTOPEC COMERCIO DE AUTO PECAS12042013000000000026850000000000000000000000000000000120420130000000000268500000000000000005873                900006156           09      00        
0330002300028Z70976E1C6C02077AB7B663C                                         PGTFORNB12042013900006156                                                                                                                               00        
0330002300029J00034196566600000035001129384593960076000777000CENTER PECAS FABBRI LTDA      12042013000000000003500000000000000000000000000000000120420130000000000035000000000000000005874                900006157           09      00        
0330002300030Z70976E1F600C053A53E2FCD                                         PGTFORNB12042013900006157                                                                                                                               00        
0330002300031J00034198566600000173701129537083960076000777000CENTER PECAS FABBRI LTDA      12042013000000000017370000000000000000000000000000000120420130000000000173700000000000000005875                900006158           09      00        
0330002300032Z70976E10C639D390B24340D                                         PGTFORNB12042013900006158                                                                                                                               00        
0330002300033J00034193566600000093071750000179038949044674000CENTRO AUTOMOTIVO ITUZAO LTDA 12042013000000000009307000000000000000000000000000000120420130000000000093070000000000000005876                900006159           09      00        
0330002300034Z70976E12E6C34E83245EC2E                                         PGTFORNB12042013900006159                                                                                                                               00        
0330002300035J00023794566600000151833396093084000000500008270CINPAL CIA IND DE PECAS P/ AUT12042013000000000015183000000000000000000000000000000120420130000000000151830000000000000005877                900006160           09      00        
0330002300036Z70976E133A2A0571916B5CC                                         PGTFORNB12042013900006160                                                                                                                               00        
0330002300037J00023792566600005719203396093084000000100008270CINPAL CIA IND DE PECAS P/ AUT12042013000000000571920000000000000000000000000000000120420130000000005719200000000000000005878                900006161           09      00        
0330002300038Z70976E1F463B338E2A255C9                                         PGTFORNB12042013900006161                                                                                                                               00        
0330002300039J00023792566600000250393262090000038036400935470COMDIP COMERCIAL DISTR DE PECA12042013000000000025039000000000000000000000000000000120420130000000000250390000000000000005879                900006162           09      00        
0330002300040Z70976E13C685B57C3CA2D7D                                         PGTFORNB12042013900006162                                                                                                                               00        
0330002300041J00034195566600005083441129754354650480001510000SUSIN FRANCESCUTTI METAL LTDA 12042013000000000508344000000000000000000000000000000120420130000000005083440000000000000005894                900006176           09      00        
0330002300042Z70976E1FA7A3AB5DBCEC1E6                                         PGTFORNB12042013900006176                                                                                                                               00        
0330002300043J00023791566600000657002646097923006817100133030COMERCIAL BANDEIRANTES DE BATE12042013000000000065700000000000000000000000000000000120420130000000000657000000000000000005880                900006163           09      00        
0330002300044Z70976E190C21B0973F0E694                                         PGTFORNB12042013900006163                                                                                                                               00        
0330002300045J00034192566600000875771561872075441491040273000SWELL BRASIL I E C A PC LTDA  12042013000000000087577000000000000000000000000000000120420130000000000875770000000000000005895                900006177           09      00        
0330002300046Z70976E127834542C7F2A794                                         PGTFORNB12042013900006177                                                                                                                               00        
0330002300047J00034198566600000668591572452244710644684235000VGER COM IMP EXP DE AUTO PECAS12042013000000000066859000000000000000000000000000000120420130000000000668590000000000000005896                900006178           09      00        
0330002300048Z70976E1006F34940B0FAC62                                         PGTFORNB12042013900006178                                                                                                                               00        
0330002300049J00039993566600000072451771310592904540079149001BANCO SOFISA SA               12042013000000000007245000000000000000000000000000000120420130000000000072450000000000000005897                900006179           09      00        
0330002300050Z70976E13F5F086A8822CF2D                                         PGTFORNB12042013900006179                                                                                                                               00        
0330002300051J00039999566600000281901771310591004540079149001BANCO SOFISA SA               12042013000000000028190000000000000000000000000000000120420130000000000281900000000000000005898                900006180           09      00        
0330002300052Z70976E17995A808F413E603                                         PGTFORNB12042013900006180                                                                                                                               00        
0330002300053J00034195566600000522071572389489834522114471000COML NV MILLENNIUN A P LTDA EP12042013000000000052207000000000002610000000000000000120420130000000000495970000000000000005881                900006164           09      00        
0330002300054Z70976E1F6B067556A442B0A                                         PGTFORNB12042013900006164                                                                                                                               00        
0330002300055J00023795566600000291340138093074000004401370000BBL SISTEMAS OPERACIONAIS LTDA12042013000000000029134000000000000000000000000000000120420130000000000291340000000000000005882                900006165           09      00        
0330002300056Z70976E1906E2E37F163D307                                         PGTFORNB12042013900006165                                                                                                                               00        
0330002300057J00034196566600001008931128959519062938000052000EATON LTDA                    12042013000000000100893000000000000000000000000000000120420130000000001008930000000000000005883                900006166           09      00        
0330002300058Z70976E151350A886D9A7F39                                         PGTFORNB12042013900006166                                                                                                                               00        
0330002300059J00000191566600008715600445739832234280000630911JOFUND S/A                    12042013000000000871560000000000000000000000000000000120420130000000008715600000000000000005885                900006167           09      00        
0330002300060Z70976E10ED739182A9AE7D4                                         PGTFORNB12042013900006167                                                                                                                               00        
03300025         000062000000000004077837000000000000000000310412                                                                                                                                                                               
03399999         000002000070000000                                                                                                                                                                                                             
