03300000         2054375370001370033006500490028050300065 0000480000414 AUTO GERAL DE ITU LTDA        SANTANDER                               22301201302184600017706000000                                                                     
03300011C2031030 2054375370001370033006500490028050300065 0000480000414 AUTO GERAL DE ITU LTDA                                                                              00000                                   00000000                    
0330001300001J00039991558700000115981767113494011960078237001BAP AUTOMOTIVA LTDA           23012013000000000011598000000000000000000000000000000230120130000000000115980000000000000003167                900003450           09      00        
0330001300002Z70976E1F471097204D2C7EC                                         PGTFORNB23012013900003450                                                                                                                               00        
0330001300003J00034192558700001571921090000416250940192784000THV AUTOMOTIVA IND E COM LTDA 23012013000000000157192000000000000000000000000000000230120130000000001571920000000000000003183                900003466           09      00        
0330001300004Z70976E1AD0C3D8DC875CEB3                                         PGTFORNB23012013900003466                                                                                                                               00        
0330001300005J00023793000000000000002025062025186035800001600BARROS E FILHOS LTDA          23012013000000000141361000000000000000000000000000000230120130000000001413610000000000000003184                900003467           09      00        
0330001300006Z70976E161870DE7B128B2E0                                         PGTFORNB23012013900003467                                                                                                                               00        
0330001300007J00034195558700000007001127357742378513014608000SATTURNO SOROCABA TELEFONIA LT23012013000000000000700000000000000000000000000000000230120130000000000007000000000000000003185                900003468           09      00        
0330001300008Z70976E139A848FAD9E93377                                         PGTFORNB23012013900003468                                                                                                                               00        
0330001300009J00034191558700000016241127357742788513014608000SATTURNO SOROCABA TELEFONIA LT23012013000000000001624000000000000000000000000000000230120130000000000016240000000000000003186                900003469           09      00        
0330001300010Z70976E107532A3E05B2D22B                                         PGTFORNB23012013900003469                                                                                                                               00        
0330001300011J00034199558700000027001127357742298513014608000SATTURNO SOROCABA TELEFONIA LT23012013000000000002700000000000000000000000000000000230120130000000000027000000000000000003187                900003470           09      00        
0330001300012Z70976E1F5A0881C61F61C45                                         PGTFORNB23012013900003470                                                                                                                               00        
0330001300013J00034197558700000130901127357742458513014608000SATTURNO SOROCABA TELEFONIA LT23012013000000000013090000000000000000000000000000000230120130000000000130900000000000000003188                900003471           09      00        
0330001300014Z70976E1ABD2A558CA955110                                         PGTFORNB23012013900003471                                                                                                                               00        
0330001300015J00034191558700000140701127357742528513014608000SATTURNO SOROCABA TELEFONIA LT23012013000000000014070000000000000000000000000000000230120130000000000140700000000000000003189                900003472           09      00        
0330001300016Z70976E1D6074A28B7B0CB3B                                         PGTFORNB23012013900003472                                                                                                                               00        
0330001300017J00034191558700000293611127357742608513014608000SATTURNO SOROCABA TELEFONIA LT23012013000000000029361000000000000000000000000000000230120130000000000293610000000000000003190                900003473           09      00        
0330001300018Z70976E11E53EBA94D0E7A59                                         PGTFORNB23012013900003473                                                                                                                               00        
0330001300019J00034191561600024555001092211730462938014558000SODEXO PASS DO BRASIL SERV. CO21022013000000002455500000000000000000000000000000000230120130000000024555000000000000000003191                900003474           09      00        
0330001300020Z70976E15FEB75DF5A929010                                         PGTFORNB23012013900003474                                                                                                                               00        
0330001300021J00042293558700000380007020000094360699531747601BECAP COM DE AUTO PECAS LTDA  23012013000000000038000000000000000000000000000000000230120130000000000380000000000000000003168                900003451           09      00        
0330001300022Z70976E1A167D4DBE93E5B33                                         PGTFORNB23012013900003451                                                                                                                               00        
0330001300023J00023793558700000759283114091294560758001763000BANCO SAFRA S/A               23012013000000000075928000000000000000000000000000000230120130000000000759280000000000000003169                900003452           09      00        
0330001300024Z70976E12EEB83F4CCF16332                                         PGTFORNB23012013900003452                                                                                                                               00        
0330001300025J00023791558700001628842002061301394087100829680COMERCIAL AUTOMOTIVA S.A.     23012013000000000162884000000000000000000000000000000230120130000000001628840000000000000003170                900003453           09      00        
0330001300026Z70976E1C504B15DDA0D3923                                         PGTFORNB23012013900003453                                                                                                                               00        
0330001300027J00023795558700000115862002061301394159100829680COMERCIAL AUTOMOTIVA S.A.     23012013000000000011586000000000000000000000000000000230120130000000000115860000000000000003171                900003454           09      00        
0330001300028Z70976E1819EDCE7B7252E7B                                         PGTFORNB23012013900003454                                                                                                                               00        
0330001300029J00034194558700000247991090304347250109276204000GIRANDO COMERCIO DE PECAS LTDA23012013000000000024799000000000000000000000000000000230120130000000000247990000000000000003172                900003455           09      00        
0330001300030Z70976E1A2FFAE5E1B9B99FC                                         PGTFORNB23012013900003455                                                                                                                               00        
0330001300031J00034194558700001066201090304352190109276204000GIRANDO COMERCIO DE PECAS LTDA23012013000000000106620000000000000000000000000000000230120130000000001066200000000000000003173                900003456           09      00        
0330001300032Z70976E1B45C5312AE50F294                                         PGTFORNB23012013900003456                                                                                                                               00        
0330001300033J00034193558700000369991090304348990109276204000GIRANDO COMERCIO DE PECAS LTDA23012013000000000036999000000000000000000000000000000230120130000000000369990000000000000003174                900003457           09      00        
0330001300034Z70976E119B6130932ADDEEF                                         PGTFORNB23012013900003457                                                                                                                               00        
0330001300035J00034191558700000699401127426971652395022557000KOGA KOGA CIA LTDA            23012013000000000069940000000000000000000000000000000230120130000000000699400000000000000003175                900003458           09      00        
0330001300036Z70976E1047956E3917E54D6                                         PGTFORNB23012013900003458                                                                                                                               00        
0330001300037J00023794558700000952993394090000011789600324600MORELATE DISTRIBUIDORA DE AUTO23012013000000000095299000000000000000000000000000000230120130000000000952990000000000000003176                900003459           09      00        
0330001300038Z70976E1896312A3D463843C                                         PGTFORNB23012013900003459                                                                                                                               00        
0330001300039J00039992558700000826458144668055204540096965001PELLEGRINO DISTRIBUIDORA DE AU23012013000000000082645000000000000000000000000000000230120130000000000826450000000000000003177                900003460           09      00        
0330001300040Z70976E10DB3FF2DFC236CEF                                         PGTFORNB23012013900003460                                                                                                                               00        
0330001300041J00039994558700000932118144668094304540096965001PELLEGRINO DISTRIBUIDORA DE AU23012013000000000093211000000000000000000000000000000230120130000000000932110000000000000003178                900003461           09      00        
0330001300042Z70976E1D10AE59DED944B8E                                         PGTFORNB23012013900003461                                                                                                                               00        
0330001300043J00023795558700001657583484092342000051401129000PETRONAS LUBRIFICANTES BRASIL 23012013000000000165758000000000000000000000000000000230120130000000001657580000000000000003179                900003462           09      00        
0330001300044Z70976E1444171B3468D2084                                         PGTFORNB23012013900003462                                                                                                                               00        
0330001300045J00039993558700000274682315370788005313093513001REAL MOTO PECAS LTDA          23012013000000000027468000000000000000000000000000000230120130000000000274680000000000000003180                900003463           09      00        
0330001300046Z70976E1933A9BB1AB650F01                                         PGTFORNB23012013900003463                                                                                                                               00        
0330001300047J00039992558700000586552315385606005313093513001REAL MOTO PECAS LTDA          23012013000000000058655000000000000000000000000000000230120130000000000586550000000000000003181                900003464           09      00        
0330001300048Z70976E1F32855C40B6ED978                                         PGTFORNB23012013900003464                                                                                                                               00        
0330001300049J00023791558700000418204130074130005857500050880SOUZA RAMOS COM E IMP LTDA    23012013000000000041820000000000000000000000000000000230120130000000000418200000000000000003182                900003465           09      00        
0330001300050Z70976E127B475BA5FCC871C                                         PGTFORNB23012013900003465                                                                                                                               00        
03300015         000052000000000003918808000000000000000000310123                                                                                                                                                                               
03399999         000001000054000000                                                                                                                                                                                                             
