03300000         2054375370001370033006500490028050300065 0000480000414 AUTO GERAL DE ITU LTDA        SANTANDER                               21211201216320500003806000000                                                                     
03300011C2011030 2054375370001370033006500490028050300065 0000480000414 AUTO GERAL DE ITU LTDA                                                                              00000                                   00000000                    
0330001300001O00081680000000050044042012111212110000000291649PM SOROCABA                   1211201212112012000000000000500712                 900001002                                                                               00        
0330001300002Z70976E1BE7425D002925424                                         PGTFORNB12112012900001002                                                                                                                               00        
03300015         000004000000000000000500000000000000000000111112                                                                                                                                                                               
03399999         000001000006000000                                                                                                                                                                                                             
