03300000         2054375370001370033006500490028050300065 0000480000414 AUTO GERAL DE ITU LTDA        SANTANDER                               20204201302185800030406000000                                                                     
03300011C2030030 2054375370001370033006500490028050300065 0000480000414 AUTO GERAL DE ITU LTDA                                                                              00000                                   00000000                    
0330001300001J00035693565600000145860689070323490000003268756DISTRIBUIDORA AUTOMOTIVA S.A. 02042013000000000014586000000000000000000000000000000020420130000000000145860000000000000005472                900005755           09      00        
0330001300002Z70976E1450D64EE10CFCD87                                         PGTFORNB02042013900005755                                                                                                                               00        
0330001300003J00035694565600000127420689070323460000003268809DISTRIBUIDORA AUTOMOTIVA S.A. 02042013000000000012742000000000000000000000000000000020420130000000000127420000000000000005473                900005756           09      00        
0330001300004Z70976E1FC7096D32551D851                                         PGTFORNB02042013900005756                                                                                                                               00        
0330001300005J00035691565600000347390689070323440000003268694DISTRIBUIDORA AUTOMOTIVA S.A. 02042013000000000034739000000000000000000000000000000020420130000000000347390000000000000005474                900005757           09      00        
0330001300006Z70976E18C0194450E3D232A                                         PGTFORNB02042013900005757                                                                                                                               00        
0330001300007J00003391565600001744409472544100000001281980104CINPAL CIA IND DE PECAS P/ AUT02042013000000000174440000000000000000000000000000000020420130000000001744400000000000000005468                900005749           09      00        
0330001300008Z70976E173903C269900AA48                                         PGTFORNB02042013900005749                                                                                                                               00        
0330001300009J00003394565600002002819472544100000001282360104CINPAL CIA IND DE PECAS P/ AUT02042013000000000200281000000000000000000000000000000020420130000000002002810000000000000005469                900005750           09      00        
0330001300010Z70976E1803CEE1BFDCF7728                                         PGTFORNB02042013900005750                                                                                                                               00        
0330001300011J00003391565600012028209476616400000002092520203DPF AUTO PECAS LTDA           02042013000000001202820000000000000000000000000000000020420130000000012028200000000000000005475                900005751           09      00        
0330001300012Z70976E1758BE23C3FB178A5                                         PGTFORNB02042013900005751                                                                                                                               00        
03300015         000014000000000001639608000000000000000000300402                                                                                                                                                                               
03300021C2031030 2054375370001370033006500490028050300065 0000480000414 AUTO GERAL DE ITU LTDA                                                                              00000                                   00000000                    
0330002300001J00023794565600000105763371090000833983300719500AVEBRAZ COMERCIO DE VEICULOS E02042013000000000010576000000000000000000000000000000020420130000000000105760000000000000005467                900005752           09      00        
0330002300002Z70976E1C492CC13728B8722                                         PGTFORNB02042013900005752                                                                                                                               00        
0330002300003J00034197565600000524001128649016760384625000000PECAS AUTOMOTIVAS ZEENE LTDA  02042013000000000052400000000000000000000000000000000020420130000000000524000000000000000005485                900005767           09      00        
0330002300004Z70976E16290910ECB41921D                                         PGTFORNB02042013900005767                                                                                                                               00        
0330002300005J00023794565600002478693484093032000027401129000PETRONAS LUBRIFICANTES BRASIL 02042013000000000247869000000000000000000000000000000020420130000000002478690000000000000005486                900005768           09      00        
0330002300006Z70976E1EF1C7D55AF2E57B9                                         PGTFORNB02042013900005768                                                                                                                               00        
0330002300007J00034197565600002260961129587183820191074004000POLIPECAS COMERCIAL E IMPORTAD02042013000000000226096000000000015827000000000000000020420130000000002102690000000000000005487                900005769           09      00        
0330002300008Z70976E1892C2B01FB7A6B7F                                         PGTFORNB02042013900005769                                                                                                                               00        
0330002300009J00000191565600000219080000001597457132225452317PETROBRAS DISTRIBUIDORA       02042013000000000021908000000000000000000000000000000020420130000000000219080000000000000005488                900005770           09      00        
0330002300010Z70976E1089A4D44FFD73EB0                                         PGTFORNB02042013900005770                                                                                                                               00        
0330002300011J00039993565600002617772995107003105313093513001REAL MOTO PECAS LTDA          02042013000000000261777000000000000000000000000000000020420130000000002617770000000000000005489                900005771           09      00        
0330002300012Z70976E19FAAAC5550BE61FE                                         PGTFORNB02042013900005771                                                                                                                               00        
0330002300013J00039991565600000315962995112144205313093513001REAL MOTO PECAS LTDA          02042013000000000031596000000000000000000000000000000020420130000000000315960000000000000005490                900005772           09      00        
0330002300014Z70976E1B4EFE74E87F2EB2E                                         PGTFORNB02042013900005772                                                                                                                               00        
0330002300015J00039996565600000541842995113386605313093513001REAL MOTO PECAS LTDA          02042013000000000054184000000000000000000000000000000020420130000000000541840000000000000005491                900005773           09      00        
0330002300016Z70976E1E9A7DDC6F8444BCD                                         PGTFORNB02042013900005773                                                                                                                               00        
0330002300017J00039993565600000336193133551791405313093513001REAL MOTO PECAS LTDA          02042013000000000033619000000000000000000000000000000020420130000000000336190000000000000005492                900005774           09      00        
0330002300018Z70976E13C34509024B0DE38                                         PGTFORNB02042013900005774                                                                                                                               00        
0330002300019J00000193565600000718480000002175416000003689517SK AUTOMOTIVE S/A DISTR AUTOPE02042013000000000071848000000000000000000000000000000020420130000000000718480000000000000005493                900005775           09      00        
0330002300020Z70976E1AF094B7A68DF9000                                         PGTFORNB02042013900005775                                                                                                                               00        
0330002300021J00023798565600000272253395090000005320500650000SORANA SUL                    02042013000000000027225000000000000000000000000000000020420130000000000272250000000000000005494                900005776           09      00        
0330002300022Z70976E1729C3FE4729EDAE6                                         PGTFORNB02042013900005776                                                                                                                               00        
0330002300023J00034194565600002333331129049714088513014608000SATTURNO SOROCABA TELEFONIA LT02042013000000000233333000000000023333000000000000000020420130000000002100000000000000000005495                900005777           09      00        
0330002300024Z70976E1F9D7887C79FDA72E                                         PGTFORNB02042013900005777                                                                                                                               00        
0330002300025J00023793565600000286093262090000035088100935470COMDIP COMERCIAL DISTR DE PECA02042013000000000028609000000000000000000000000000000020420130000000000286090000000000000005471                900005754           09      00        
0330002300026Z70976E1EB2AAEC83712D9E3                                         PGTFORNB02042013900005754                                                                                                                               00        
0330002300027J00034196565600000077071129119547282938000052000EATON LTDA                    02042013000000000007707000000000000000000000000000000020420130000000000077070000000000000005476                900005758           09      00        
0330002300028Z70976E163F93A44D453CF8C                                         PGTFORNB02042013900005758                                                                                                                               00        
0330002300029J00039994565600000434121770411806604570524809001F CONFUORTO IND COM PCS LTDA  02042013000000000043412000000000000000000000000000000020420130000000000434120000000000000005477                900005759           09      00        
0330002300030Z70976E13B30517D3E4EB48D                                         PGTFORNB02042013900005759                                                                                                                               00        
0330002300031J00034191565600002416461126979027352938040108000CINPAL CIA IND DE PECAS P/ AUT02042013000000000241646000000000000000000000000000000020420130000000002416460000000000000005470                900005753           09      00        
0330002300032Z70976E1C8E6D76959E4FFA9                                         PGTFORNB02042013900005753                                                                                                                               00        
0330002300033J00034199565600000253351090304718670109276204000GIRANDO COMERCIO DE PECAS LTDA02042013000000000025335000000000000000000000000000000020420130000000000253350000000000000005478                900005760           09      00        
0330002300034Z70976E13B5A6921AB2B5A7D                                         PGTFORNB02042013900005760                                                                                                                               00        
0330002300035J00034197565600000244331090304717680109276204000GIRANDO COMERCIO DE PECAS LTDA02042013000000000024433000000000000000000000000000000020420130000000000244330000000000000005479                900005761           09      00        
0330002300036Z70976E107786D95227D2AB8                                         PGTFORNB02042013900005761                                                                                                                               00        
0330002300037J00000196565600002273830444701457901790000407011HSBOND INDUSTRIA COMERCIO IMP.02042013000000000227383000000000000000000000000000000020420130000000002273830000000000000005480                900005762           09      00        
0330002300038Z70976E11DC90B3805F3F543                                         PGTFORNB02042013900005762                                                                                                                               00        
0330002300039J00023794565600000135003372097310006649300731000MAGGI AUTOMOVEIS LTDA         02042013000000000013500000000000000000000000000000000020420130000000000135000000000000000005481                900005763           09      00        
0330002300040Z70976E1799B83C1D4DED501                                         PGTFORNB02042013900005763                                                                                                                               00        
0330002300041J00023793565600000514803372097672311626400767230MAGGI VEICULOS LTDA           02042013000000000051480000000000000000000000000000000020420130000000000514800000000000000005482                900005764           09      00        
0330002300042Z70976E1AAA5133896BE5FFC                                         PGTFORNB02042013900005764                                                                                                                               00        
0330002300043J00023793565600001686613372093077000002705096800METALURGICA SCHADEK LTDA      02042013000000000168661000000000000000000000000000000020420130000000001686610000000000000005483                900005765           09      00        
0330002300044Z70976E18CE20BEB5FA0E0A0                                         PGTFORNB02042013900005765                                                                                                                               00        
0330002300045J00023793565600000236940151091330780071901251750PECA MAIS COMERCIO DE AUTO PEC02042013000000000023694000000000000000000000000000000020420130000000000236940000000000000005484                900005766           09      00        
0330002300046Z70976E16E756C7B83DA031F                                         PGTFORNB02042013900005766                                                                                                                               00        
03300025         000048000000000002089131000000000000000000310402                                                                                                                                                                               
03399999         000002000064000000                                                                                                                                                                                                             
