03300000         2054375370001370033006500490028050300065 0000480000414 AUTO GERAL DE ITU LTDA        SANTANDER                               22703201313231100029506000000                                                                     
03300011C2011030 2054375370001370033006500490028050300065 0000480000414 AUTO GERAL DE ITU LTDA                                                                              00000                                   00000000                    
0330001300001O00084860000007075500899999989999998845177921864NEXTEL TELECOMUNICACOES LTDA  27032013270320130000000000707555309                900005635                                                                               00        
0330001300002Z70976E1C24F93CF11E90623                                         PGTFORNB27032013900005635                                                                                                                               00        
0330001300003O00084880000012330000899999939999998842395121864NEXTEL TELECOMUNICACOES LTDA  27032013270320130000000001233005310                900005636                                                                               00        
0330001300004Z70976E1E7DF2D4B39ABE9EF                                         PGTFORNB27032013900005636                                                                                                                               00        
0330001300005O00084840000004863100899999999999998847374891864NEXTEL TELECOMUNICACOES LTDA  27032013270320130000000000486315311                900005637                                                                               00        
0330001300006Z70976E1A061EFE64C6D3CA2                                         PGTFORNB27032013900005637                                                                                                                               00        
0330001300007O00083670000008701401103003240638610210018467784CIA PIRATININGA DE FORCA E LUZ27032013270320130000000000870145312                900005638                                                                               00        
0330001300008Z70976E1CD2C04E60F486B9C                                         PGTFORNB27032013900005638                                                                                                                               00        
03300015         000010000000000000329700000000000000000000110327                                                                                                                                                                               
03399999         000001000012000000                                                                                                                                                                                                             
