03300000         2054375370001370033006500490028050300065 0000480000414 AUTO GERAL DE ITU LTDA        SANTANDER                               21502201302224800022106000000                                                                     
03300011C2030030 2054375370001370033006500490028050300065 0000480000414 AUTO GERAL DE ITU LTDA                                                                              00000                                   00000000                    
0330001300001J00003399561000000164009185433000000001565070104BECAP COM DE AUTO PECAS LTDA  15022013000000000016400000000000000000000000000000000150220130000000000164000000000000000003938                900004216           09      00        
0330001300002Z70976E1070A86E6DACB5518                                         PGTFORNB15022013900004216                                                                                                                               00        
0330001300003J00003399561000001282529482966200000024926870104CAR CENTRAL DE AUTOPECAS E ROL15022013000000000128252000000000000000000000000000000150220130000000001282520000000000000003939                900004217           09      00        
0330001300004Z70976E1E232E17CA848AFA8                                         PGTFORNB15022013900004217                                                                                                                               00        
0330001300005J00003395561000001115339482966200000025363580104CAR CENTRAL DE AUTOPECAS E ROL15022013000000000111533000000000000000000000000000000150220130000000001115330000000000000003940                900004218           09      00        
0330001300006Z70976E16019A7FF1B354E9B                                         PGTFORNB15022013900004218                                                                                                                               00        
0330001300007J00003391561000000394559558893600000000349080104NOVA GERA COMERCIO DE PECAS LT15022013000000000039455000000000000000000000000000000150220130000000000394550000000000000003960                900004219           09      00        
0330001300008Z70976E103CBE28F40287CBE                                         PGTFORNB15022013900004219                                                                                                                               00        
0330001300009J00003394561000000644159121618000000004244200203TARANTO COML IMP E EXP        15022013000000000064415000000000000000000000000000000150220130000000000644150000000000000003990                900004220           09      00        
0330001300010Z70976E1F2986AE8AA5B4893                                         PGTFORNB15022013900004220                                                                                                                               00        
0330001300011J00003396561000000046759121618000000004244390203TARANTO COML IMP E EXP        15022013000000000004675000000000000000000000000000000150220130000000000046750000000000000003991                900004221           09      00        
0330001300012Z70976E15716521A22237010                                         PGTFORNB15022013900004221                                                                                                                               00        
0330001300013J00003391561000001596009128344800001000374610101RADIO CIDADE DE ITU LTDA      15022013000000000159600000000000000000000000000000000150220130000000001596000000000000000004000                900004222           09      00        
0330001300014Z70976E1F9019C52A99CF3B8                                         PGTFORNB15022013900004222                                                                                                                               00        
0330001300015J00035694561000000289670689070323440000003261921DISTRIBUIDORA AUTOMOTIVA S/A  15022013000000000028967000000000000000000000000000000150220130000000000289670000000000000003953                900004239           09      00        
0330001300016Z70976E15955AE7D6B2BAA01                                         PGTFORNB15022013900004239                                                                                                                               00        
0330001300017J00035694561000000419760689070323420000003262038DISTRIBUIDORA AUTOMOTIVA S/A  15022013000000000041976000000000000000000000000000000150220130000000000419760000000000000003954                900004240           09      00        
0330001300018Z70976E1BC0781E6B4BF0BF5                                         PGTFORNB15022013900004240                                                                                                                               00        
03300015         000020000000000000595273000000000000000000300215                                                                                                                                                                               
03300021C2031030 2054375370001370033006500490028050300065 0000480000414 AUTO GERAL DE ITU LTDA                                                                              00000                                   00000000                    
0330002300001J00039998561000000955861768564530011960078237001BAP AUTOMOTIVA LTDA           15022013000000000095586000000000000000000000000000000150220130000000000955860000000000000003934                900004223           09      00        
0330002300002Z70976E185BB0F9844A7EAD1                                         PGTFORNB15022013900004223                                                                                                                               00        
0330002300003J00034191561000000548051127788967722938000052000EATON LTDA                    15022013000000000054805000000000000000000000000000000150220130000000000548050000000000000003959                900004245           09      00        
0330002300004Z70976E1F50AD723EE52C4E8                                         PGTFORNB15022013900004245                                                                                                                               00        
0330002300005J00034194561000000408271126197001910046365078000FELICIO VIGORITO FILHOS LTDA  15022013000000000040827000000000000000000000000000000150220130000000000408270000000000000003961                900004246           09      00        
0330002300006Z70976E11034BE1BC1A5E0E6                                         PGTFORNB15022013900004246                                                                                                                               00        
0330002300007J00034193561000003856891090304486910109276204000GIRANDO COMERCIO DE PECAS LTDA15022013000000000385689000000000000000000000000000000150220130000000003856890000000000000003962                900004247           09      00        
0330002300008Z70976E1C94C928FA96B2ECC                                         PGTFORNB15022013900004247                                                                                                                               00        
0330002300009J00034194561000000329801090304483860109276204000GIRANDO COMERCIO DE PECAS LTDA15022013000000000032980000000000000000000000000000000150220130000000000329800000000000000003963                900004248           09      00        
0330002300010Z70976E12845E6EBC0C26695                                         PGTFORNB15022013900004248                                                                                                                               00        
0330002300011J00000199561000000549900000002384889443901953311INCOPARTS IND E COM DE PECAS L15022013000000000054990000000000000000000000000000000150220130000000000549900000000000000003964                900004249           09      00        
0330002300012Z70976E17FA7E69014368F36                                         PGTFORNB15022013900004249                                                                                                                               00        
0330002300013J00034198561000008275101128039222131446685057000KT COMP AUTOMOTIVOS LTDA      15022013000000000827510000000000000000000000000000000150220130000000008275100000000000000003965                900004250           09      00        
0330002300014Z70976E1741B89963CA53E0F                                         PGTFORNB15022013900004250                                                                                                                               00        
0330002300015J00074591561000001075913314080403011770073963904LNG IMP EXP DE AUTOPECAS LTDA 15022013000000000107591000000000000000000000000000000150220130000000001075910000000000000003966                900004251           09      00        
0330002300016Z70976E130E1C301799B7421                                         PGTFORNB15022013900004251                                                                                                                               00        
0330002300017J00034199561000004283781127685162322938025125000MAHLE METAL LEVE S/A          15022013000000000428378000000000000000000000000000000150220130000000004283780000000000000003967                900004252           09      00        
0330002300018Z70976E18BA0C24AC552913E                                         PGTFORNB15022013900004252                                                                                                                               00        
0330002300019J00034194561000003671851127685162242938025125000MAHLE METAL LEVE S/A          15022013000000000367185000000000000000000000000000000150220130000000003671850000000000000003968                900004253           09      00        
0330002300020Z70976E112571F61186A3B2A                                         PGTFORNB15022013900004253                                                                                                                               00        
0330002300021J00034191561000000150881127685162162938025125000MAHLE METAL LEVE S/A          15022013000000000015088000000000000000000000000000000150220130000000000150880000000000000003969                900004254           09      00        
0330002300022Z70976E113EF7F26578A8B53                                         PGTFORNB15022013900004254                                                                                                                               00        
0330002300023J00034191561000000075441127685161822938025125000MAHLE METAL LEVE S/A          15022013000000000007544000000000000000000000000000000150220130000000000075440000000000000003970                900004255           09      00        
0330002300024Z70976E18CBD6F1A38C87182                                         PGTFORNB15022013900004255                                                                                                                               00        
0330002300025J00023793561000001979442500090256571742400000340MAHLE METAL LEVE S/A          15022013000000000197944000000000000000000000000000000150220130000000001979440000000000000003971                900004256           09      00        
0330002300026Z70976E15CA032BA162DE428                                         PGTFORNB15022013900004256                                                                                                                               00        
0330002300027J00034191000000000000001219837557201012365225000PACAEMBU AUTO PECAS LTDA      15022013000000000032898000000000000000000000000000000150220130000000000328980000000000000003972                900004257           09      00        
0330002300028Z70976E1D02B3217B6F779D1                                         PGTFORNB15022013900004257                                                                                                                               00        
0330002300029J00039991561000000334226696535018804540096965001PELLEGRINO DISTRIBUIDORA DE AU15022013000000000033422000000000000000000000000000000150220130000000000334220000000000000003973                900004258           09      00        
0330002300030Z70976E1C43A8DFD789ACE57                                         PGTFORNB15022013900004258                                                                                                                               00        
0330002300031J00039993561000006848882696552714004540096965001PELLEGRINO DISTRIBUIDORA DE AU15022013000000000684888000000000000000000000000000000150220130000000006848880000000000000003974                900004259           09      00        
0330002300032Z70976E17C9082CCF4FB0E6A                                         PGTFORNB15022013900004259                                                                                                                               00        
0330002300033J00039992561000010405378144669334404540096965001PELLEGRINO DISTRIBUIDORA DE AU15022013000000001040537000000000000000000000000000000150220130000000010405370000000000000003975                900004260           09      00        
0330002300034Z70976E17DF2EF703DB208E8                                         PGTFORNB15022013900004260                                                                                                                               00        
0330002300035J00039991561000002801142696552683704540096965001PELLEGRINO DISTRIBUIDORA DE AU15022013000000000280114000000000000000000000000000000150220130000000002801140000000000000003976                900004261           09      00        
0330002300036Z70976E1E3C19DC8265D9E5B                                         PGTFORNB15022013900004261                                                                                                                               00        
0330002300037J00039994561000001796988144669328004540096965001PELLEGRINO DISTRIBUIDORA DE AU15022013000000000179698000000000000000000000000000000150220130000000001796980000000000000003977                900004262           09      00        
0330002300038Z70976E192FC674B7D1B093F                                         PGTFORNB15022013900004262                                                                                                                               00        
0330002300039J00039997561000004818222696552730204540096965001PELLEGRINO DISTRIBUIDORA DE AU15022013000000000481822000000000000000000000000000000150220130000000004818220000000000000003978                900004263           09      00        
0330002300040Z70976E1F674F63F32D4FAB8                                         PGTFORNB15022013900004263                                                                                                                               00        
0330002300041J00039994561000002174692696552731004540096965001PELLEGRINO DISTRIBUIDORA DE AU15022013000000000217469000000000000000000000000000000150220130000000002174690000000000000003979                900004264           09      00        
0330002300042Z70976E1A58030EFEBA5AD1B                                         PGTFORNB15022013900004264                                                                                                                               00        
0330002300043J00039994561000000508388145178872804540096965001PELLEGRINO DISTRIBUIDORA DE AU15022013000000000050838000000000000000000000000000000150220130000000000508380000000000000003980                900004265           09      00        
0330002300044Z70976E11DA8921EBCCD0A67                                         PGTFORNB15022013900004265                                                                                                                               00        
0330002300045J00039993561000002089676696535006404540096965001PELLEGRINO DISTRIBUIDORA DE AU15022013000000000208967000000000000000000000000000000150220130000000002089670000000000000003981                900004266           09      00        
0330002300046Z70976E188C44F1E12047F01                                         PGTFORNB15022013900004266                                                                                                                               00        
0330002300047J00039991561000000729926696535008004540096965001PELLEGRINO DISTRIBUIDORA DE AU15022013000000000072992000000000000000000000000000000150220130000000000729920000000000000003982                900004267           09      00        
0330002300048Z70976E17619D9B3CECCE0F4                                         PGTFORNB15022013900004267                                                                                                                               00        
0330002300049J00039991561000000360268145178868004540096965001PELLEGRINO DISTRIBUIDORA DE AU15022013000000000036026000000000000000000000000000000150220130000000000360260000000000000003983                900004268           09      00        
0330002300050Z70976E17EA69048A0724E61                                         PGTFORNB15022013900004268                                                                                                                               00        
0330002300051J00034197561000011194701128161293270191074004000POLIPECAS COMERCIAL E IMPORTAD15022013000000001119470000000000237077000000000000000150220130000000008823930000000000000003984                900004269           09      00        
0330002300052Z70976E1B8E3B5EF3EEA21EB                                         PGTFORNB15022013900004269                                                                                                                               00        
0330002300053J00039991561000007971713133524282605313093513001REAL MOTO PECAS LTDA          15022013000000000797171000000000000000000000000000000150220130000000007971710000000000000003985                900004270           09      00        
0330002300054Z70976E124592B33AA3D8F4F                                         PGTFORNB15022013900004270                                                                                                                               00        
0330002300055J00039998561000000863123133525135305313093513001REAL MOTO PECAS LTDA          15022013000000000086312000000000000000000000000000000150220130000000000863120000000000000003986                900004271           09      00        
0330002300056Z70976E142379F09E063E9C7                                         PGTFORNB15022013900004271                                                                                                                               00        
0330002300057J00039991561000000769843133508372805313093513001REAL MOTO PECAS LTDA          15022013000000000076984000000000000000000000000000000150220130000000000769840000000000000003987                900004272           09      00        
0330002300058Z70976E1E41B1C6A66772C82                                         PGTFORNB15022013900004272                                                                                                                               00        
0330002300059J00039991561000000805623133521708205313093513001REAL MOTO PECAS LTDA          15022013000000000080562000000000000000000000000000000150220130000000000805620000000000000003988                900004273           09      00        
0330002300060Z70976E185DAB5155F14B976                                         PGTFORNB15022013900004273                                                                                                                               00        
0330002300061J00000198561000000226020444004968233260008018911T-PARTS COML E IMP DE AUTOPECA15022013000000000022602000000000000000000000000000000150220130000000000226020000000000000003989                900004274           09      00        
0330002300062Z70976E1E3B7A2DFAE977616                                         PGTFORNB15022013900004274                                                                                                                               00        
0330002300063J00000198561000003570640443310691834200002431331ZM S/A                        15022013000000000357064000000000000000000000000000000150220130000000003570640000000000000003992                900004275           09      00        
0330002300064Z70976E1ABFB079A4B7EFB2D                                         PGTFORNB15022013900004275                                                                                                                               00        
0330002300065J00034191561000000517651127697397672938012875000INDUSTRIAS ROMI SA            15022013000000000051765000000000000000000000000000000150220130000000000517650000000000000003993                900004276           09      00        
0330002300066Z70976E15A098AFCC7730ED7                                         PGTFORNB15022013900004276                                                                                                                               00        
0330002300067J00034193561000000517651127697386862938012875000INDUSTRIAS ROMI SA            15022013000000000051765000000000000000000000000000000150220130000000000517650000000000000003994                900004277           09      00        
0330002300068Z70976E12EE6C97BF77B384A                                         PGTFORNB15022013900004277                                                                                                                               00        
0330002300069J00023794561000004148812002193017000069500001270INDUSTRIAS ROMI SA            15022013000000000414881000000000000000000000000000000150220130000000004148810000000000000003995                900004278           09      00        
0330002300070Z70976E188629CC55BBB555F                                         PGTFORNB15022013900004278                                                                                                                               00        
0330002300071J00023794561000004148812002193017000021300001270INDUSTRIAS ROMI SA            15022013000000000414881000000000000000000000000000000150220130000000004148810000000000000003996                900004279           09      00        
0330002300072Z70976E10F5A30C07AB2C313                                         PGTFORNB15022013900004279                                                                                                                               00        
0330002300073J00010499561000000000003670732000200040001950466SINDICATO DOS EMPREGADOS NO CO15022013000000000016650000000000000000000000000000000150220130000000000166500000000000000003997                900004280           09      00        
0330002300074Z70976E134F67E8E441CAEAF                                         PGTFORNB15022013900004280                                                                                                                               00        
0330002300075J00034196561000000711801571491744610513635268000OPPORTUNITY COMUN MARK LTDA   15022013000000000071180000000000000000000000000000000150220130000000000711800000000000000003998                900004281           09      00        
0330002300076Z70976E10015D4C6D06B017B                                         PGTFORNB15022013900004281                                                                                                                               00        
0330002300077J00034191561000002847201090001265140076635200000TV ALIANCA PAULISTA SA        15022013000000000284720000000000000000000000000000000150220130000000002847200000000000000003999                900004282           09      00        
0330002300078Z70976E1865529A74ED1C82C                                         PGTFORNB15022013900004282                                                                                                                               00        
0330002300079J00039993561000000403111768236274004061860231001CAR CENTRAL DE AUTOPECAS E ROL15022013000000000040311000000000000000000000000000000150220130000000000403110000000000000003941                900004227           09      00        
0330002300080Z70976E15F24198F8673B833                                         PGTFORNB15022013900004227                                                                                                                               00        
0330002300081J00039991561000000274011768558887004061860231001CAR CENTRAL DE AUTOPECAS E ROL15022013000000000027401000000000000000000000000000000150220130000000000274010000000000000003942                900004228           09      00        
0330002300082Z70976E16CB832E922C1BE4D                                         PGTFORNB15022013900004228                                                                                                                               00        
0330002300083J00039996561000000294051768236291004061860231001CAR CENTRAL DE AUTOPECAS E ROL15022013000000000029405000000000000000000000000000000150220130000000000294050000000000000003943                900004229           09      00        
0330002300084Z70976E15F08B321384C1EA4                                         PGTFORNB15022013900004229                                                                                                                               00        
0330002300085J00034199561000005107401127932371920360545834000COBRA ROLAMENTOS E AUTO PECAS 15022013000000000510740000000000000000000000000000000150220130000000005107400000000000000003944                900004230           09      00        
0330002300086Z70976E183ABC3C16555F349                                         PGTFORNB15022013900004230                                                                                                                               00        
0330002300087J00039998561000002924611768564532711960078237001BAP AUTOMOTIVA LTDA           15022013000000000292461000000000000000000000000000000150220130000000002924610000000000000003935                900004224           09      00        
0330002300088Z70976E1CCF73A1704D21464                                         PGTFORNB15022013900004224                                                                                                                               00        
0330002300089J00034199561000000373881127932380420360545834000COBRA ROLAMENTOS E AUTO PECAS 15022013000000000037388000000000000000000000000000000150220130000000000373880000000000000003945                900004231           09      00        
0330002300090Z70976E1221A0244414054E2                                         PGTFORNB15022013900004231                                                                                                                               00        
0330002300091J00034191561000000840891127932375490360545834000COBRA ROLAMENTOS E AUTO PECAS 15022013000000000084089000000000000000000000000000000150220130000000000840890000000000000003946                900004232           09      00        
0330002300092Z70976E19DD8BBF146B17F59                                         PGTFORNB15022013900004232                                                                                                                               00        
0330002300093J00023794561000000727923262090000033045900935470COMDIP COMERCIAL DISTR DE PECA15022013000000000072792000000000000000000000000000000150220130000000000727920000000000000003947                900004233           09      00        
0330002300094Z70976E1BD8E6F54A31A2787                                         PGTFORNB15022013900004233                                                                                                                               00        
0330002300095J00034194561000000532031571572478964522114471000COML NV MILLENNIUN A P LTDA EP15022013000000000053203000000000000000000000000000000150220130000000000532030000000000000003948                900004234           09      00        
0330002300096Z70976E1BD53CDF7A15BDE3F                                         PGTFORNB15022013900004234                                                                                                                               00        
0330002300097J00000194561000000800340000001011760000003980718COMPEL DISTR E COM DE AUTO PEC15022013000000000080034000000000000000000000000000000150220130000000000800340000000000000003949                900004235           09      00        
0330002300098Z70976E12C553CE693E2A669                                         PGTFORNB15022013900004235                                                                                                                               00        
0330002300099J00000194561000000454400000001011760000003980918COMPEL DISTR E COM DE AUTO PEC15022013000000000045440000000000000000000000000000000150220130000000000454400000000000000003950                900004236           09      00        
0330002300100Z70976E13DCEC76B6A53899A                                         PGTFORNB15022013900004236                                                                                                                               00        
0330002300101J00000191561000000192470000001011760000003979518COMPEL DISTR E COM DE AUTO PEC15022013000000000019247000000000000000000000000000000150220130000000000192470000000000000003951                900004237           09      00        
0330002300102Z70976E1C63FC4ABC1EAF122                                         PGTFORNB15022013900004237                                                                                                                               00        
0330002300103J00000192561000000183550000001011760000003981018COMPEL DISTR E COM DE AUTO PEC15022013000000000018355000000000000000000000000000000150220130000000000183550000000000000003952                900004238           09      00        
0330002300104Z70976E14D34C17F25BDDE85                                         PGTFORNB15022013900004238                                                                                                                               00        
0330002300105J00034195000000000399961750459391372938010580000EMPRESA BRASILEIRA DE TELECOMU15022013000000000039996000000000000000000000000000000150220130000000000399960000000000000004003                900004283           09      00        
0330002300106Z70976E116F396DBCAB5AFB5                                         PGTFORNB15022013900004283                                                                                                                               00        
0330002300107J00039998561000001765341768564531911960078237001BAP AUTOMOTIVA LTDA           15022013000000000176534000000000000000000000000000000150220130000000001765340000000000000003936                900004225           09      00        
0330002300108Z70976E1A3BA4FC407953342                                         PGTFORNB15022013900004225                                                                                                                               00        
0330002300109J00039991561000001510641768564529711960078237001BAP AUTOMOTIVA LTDA           15022013000000000151064000000000000000000000000000000150220130000000001510640000000000000003937                900004226           09      00        
0330002300110Z70976E16D6BDE173E46C2D0                                         PGTFORNB15022013900004226                                                                                                                               00        
0330002300111J00034192561000002848771127216728092938000052000EATON LTDA                    15022013000000000284877000000000000000000000000000000150220130000000002848770000000000000003955                900004241           09      00        
0330002300112Z70976E127406281BA572EEA                                         PGTFORNB15022013900004241                                                                                                                               00        
0330002300113J00034196561000000329461127179838142938000052000EATON LTDA                    15022013000000000032946000000000000000000000000000000150220130000000000329460000000000000003956                900004242           09      00        
0330002300114Z70976E12B984E47D712E42D                                         PGTFORNB15022013900004242                                                                                                                               00        
0330002300115J00034191561000000112211127179837492938000052000EATON LTDA                    15022013000000000011221000000000000000000000000000000150220130000000000112210000000000000003957                900004243           09      00        
0330002300116Z70976E1F29B0A67A6F8C520                                         PGTFORNB15022013900004243                                                                                                                               00        
0330002300117J00034194561000000099341127788968632938000052000EATON LTDA                    15022013000000000009934000000000000000000000000000000150220130000000000099340000000000000003958                900004244           09      00        
0330002300118Z70976E17AA773599E578472                                         PGTFORNB15022013900004244                                                                                                                               00        
03300025         000120000000000011562156000000000000000000310215                                                                                                                                                                               
03399999         000002000142000000                                                                                                                                                                                                             
