03300000         2054375370001370033006500490028050300065 0000480000414 AUTO GERAL DE ITU LTDA        SANTANDER                               22012201202304300011706000000                                                                     
03300011C2030030 2054375370001370033006500490028050300065 0000480000414 AUTO GERAL DE ITU LTDA                                                                              00000                                   00000000                    
0330001300001J00003397555300003935519472544100000001164160104CINPAL CIA IND DE PECAS P/ AUT20122012000000000393551000000000000000000000000000000201220120000000003935510000000000000002027                900002307           09      00        
0330001300002Z70976E1798FE5B9BA52DFE5                                         PGTFORNB20122012900002307                                                                                                                               00        
0330001300003J00003399555300000145099472544100000001164590104CINPAL CIA IND DE PECAS P/ AUT20122012000000000014509000000000000000000000000000000201220120000000000145090000000000000002028                900002308           09      00        
0330001300004Z70976E16AA72A331BB7E5B5                                         PGTFORNB20122012900002308                                                                                                                               00        
0330001300005J00003399555300000456269474127700000006976800203LUPORINI DISTR DE AUTOPECAS LT20122012000000000045626000000000000000000000000000000201220120000000000456260000000000000002039                900002309           09      00        
0330001300006Z70976E1E172F9928904E56A                                         PGTFORNB20122012900002309                                                                                                                               00        
0330001300007J00003391555300000858759184001020020000249000104MARIA HENRIQUETA SILVA TROFINO20122012000000000085875000000000000000000000000000000201220120000000000858750000000000000002042                900002310           09      00        
0330001300008Z70976E1AA825F0EB22282CF                                         PGTFORNB20122012900002310                                                                                                                               00        
0330001300009J00003394555300000240009128400200000000393810104COOPER PUBLICACOES SC LTDA    20122012000000000024000000000000000000000000000000000201220120000000000240000000000000000002057                900002311           09      00        
0330001300010Z70976E1BEDD29743AC0895D                                         PGTFORNB20122012900002311                                                                                                                               00        
0330001300011J00035694555300001036120689070323400000004894344DISTRIBUIDORA AUTOMOTIVA S/A  20122012000000000103612000000000000000000000000000000201220120000000001036120000000000000002032                900002323           09      00        
0330001300012Z70976E1AC8C80C33FD96B66                                         PGTFORNB20122012900002323                                                                                                                               00        
0330001300013J00035699555300000201130689070323410000004894327DISTRIBUIDORA AUTOMOTIVA S/A  20122012000000000020113000000000000000000000000000000201220120000000000201130000000000000002033                900002324           09      00        
0330001300014Z70976E18DE30EC0D3D1EC0E                                         PGTFORNB20122012900002324                                                                                                                               00        
0330001300015J00035696555300000173820689070323430000004894325DISTRIBUIDORA AUTOMOTIVA S/A  20122012000000000017382000000000000000000000000000000201220120000000000173820000000000000002034                900002325           09      00        
0330001300016Z70976E18463DAC94F449954                                         PGTFORNB20122012900002325                                                                                                                               00        
0330001300017J00035691555300000242960689070323400000004894336DISTRIBUIDORA AUTOMOTIVA S/A  20122012000000000024296000000000000000000000000000000201220120000000000242960000000000000002035                900002326           09      00        
0330001300018Z70976E1245ABC81AFFF7A7D                                         PGTFORNB20122012900002326                                                                                                                               00        
03300015         000020000000000000728964000000000000000000301220                                                                                                                                                                               
03300021C2031030 2054375370001370033006500490028050300065 0000480000414 AUTO GERAL DE ITU LTDA                                                                              00000                                   00000000                    
0330002300001J00034197555300006610681126679308980249017377000DRIVEWAY INDUSTRIA BRASILEIRA 20122012000000000661068000000000000000000000000000000201220120000000006610680000000000000002036                900002327           09      00        
0330002300002Z70976E176C636AB9F613F6C                                         PGTFORNB20122012900002327                                                                                                                               00        
0330002300003J00039998555300001422928144666709204540096965001PELLEGRINO DISTRIBUIDORA DE AU20122012000000000142292000000000000000000000000000000201220120000000001422920000000000000002045                900002334           09      00        
0330002300004Z70976E1DB2249ABDCBD50FE                                         PGTFORNB20122012900002334                                                                                                                               00        
0330002300005J00039991555300001025892696546243004540096965001PELLEGRINO DISTRIBUIDORA DE AU20122012000000000102589000000000000000000000000000000201220120000000001025890000000000000002046                900002335           09      00        
0330002300006Z70976E1723125AE05E7341D                                         PGTFORNB20122012900002335                                                                                                                               00        
0330002300007J00034196555300003279551126394859970390497683000AUTIMEX COM IMPORTACAO E EXPOR20122012000000000327955000000000000000000000000000000201220120000000003279550000000000000002019                900002312           09      00        
0330002300008Z70976E138F394A851817553                                         PGTFORNB20122012900002312                                                                                                                               00        
0330002300009J00039991555300000979118144666689404540096965001PELLEGRINO DISTRIBUIDORA DE AU20122012000000000097911000000000000000000000000000000201220120000000000979110000000000000002047                900002336           09      00        
0330002300010Z70976E1D97303A399A77AB8                                         PGTFORNB20122012900002336                                                                                                                               00        
0330002300011J00034193555300000158801090304187440109276204000GIRANDO COMERCIO DE PECAS LTDA20122012000000000015880000000000000000000000000000000201220120000000000158800000000000000002037                900002328           09      00        
0330002300012Z70976E165510EB13B286816                                         PGTFORNB20122012900002328                                                                                                                               00        
0330002300013J00039991555300001102708144666692404540096965001PELLEGRINO DISTRIBUIDORA DE AU20122012000000000110270000000000000000000000000000000201220120000000001102700000000000000002048                900002337           09      00        
0330002300014Z70976E13681D80107B38956                                         PGTFORNB20122012900002337                                                                                                                               00        
0330002300015J00039999555300000605848144666706804540096965001PELLEGRINO DISTRIBUIDORA DE AU20122012000000000060584000000000000000000000000000000201220120000000000605840000000000000002049                900002338           09      00        
0330002300016Z70976E1A3F8FE41BB748943                                         PGTFORNB20122012900002338                                                                                                                               00        
0330002300017J00039997555300000908686696534187104540096965001PELLEGRINO DISTRIBUIDORA DE AU20122012000000000090868000000000000000000000000000000201220120000000000908680000000000000002050                900002339           09      00        
0330002300018Z70976E14CD3F69E8940E268                                         PGTFORNB20122012900002339                                                                                                                               00        
0330002300019J00039995555300001358152696546240504540096965001PELLEGRINO DISTRIBUIDORA DE AU20122012000000000135815000000000000000000000000000000201220120000000001358150000000000000002051                900002340           09      00        
0330002300020Z70976E1A074B779B55487E3                                         PGTFORNB20122012900002340                                                                                                                               00        
0330002300021J00039998555300000687742315311455205313093513001REAL MOTO PECAS LTDA          20122012000000000068774000000000000000000000000000000201220120000000000687740000000000000002052                900002341           09      00        
0330002300022Z70976E11D9291BF7AD465C3                                         PGTFORNB20122012900002341                                                                                                                               00        
0330002300023J00039995555300000748402315311370005313093513001REAL MOTO PECAS LTDA          20122012000000000074840000000000000000000000000000000201220120000000000748400000000000000002053                900002342           09      00        
0330002300024Z70976E1AC19F0440B2C7CDA                                         PGTFORNB20122012900002342                                                                                                                               00        
0330002300025J00023796555300000861513395061180232846300028140ROCHESTER DISTRIBUIDORA DE AUT20122012000000000086151000000000000000000000000000000201220120000000000861510000000000000002054                900002343           09      00        
0330002300026Z70976E1986ADA110C1247EE                                         PGTFORNB20122012900002343                                                                                                                               00        
0330002300027J00000191555300000089880000002175416000002871417SK AUTOMOTIVE S/A DISTR AUTOPE20122012000000000008988000000000000000000000000000000201220120000000000089880000000000000002055                900002344           09      00        
0330002300028Z70976E1DB71509F4691E871                                         PGTFORNB20122012900002344                                                                                                                               00        
0330002300029J00034198555300000100001090002046670041791401000GIBIM SEGURANCA ELETRONICA LTD20122012000000000010000000000000000000000000000000000201220120000000000100000000000000000002056                900002345           09      00        
0330002300030Z70976E107335F151A7115A7                                         PGTFORNB20122012900002345                                                                                                                               00        
0330002300031J00000194555300000095000000002219956000064729018SERVTRONICA SEGURANCA ELETRONI20122012000000000009500000000000000000000000000000000201220120000000000095000000000000000002058                900002346           09      00        
0330002300032Z70976E18469A5403CCA7AC3                                         PGTFORNB20122012900002346                                                                                                                               00        
0330002300033J00023791555300000003440364060000212105500001400PREFEITURA MUNICIPAL DE PORTO 20122012000000000000344000000000000000000000000000000201220120000000000003440000000000000002059                900002347           09      00        
0330002300034Z70976E13FAFBBAE340A4747                                         PGTFORNB20122012900002347                                                                                                                               00        
0330002300035J00023798555300001129472372196600096559400360080TELECOMUNICACOES DE SAO PAULO 20122012000000000112947000000000000000000000000000000201220120000000001129470000000000000002060                900002348           09      00        
0330002300036Z70976E1D9CD05835574C5ED                                         PGTFORNB20122012900002348                                                                                                                               00        
0330002300037J00034192555300004951591126564196630125675405000IND E COM AUTO PECAS REI LTDA 20122012000000000495159000000000000000000000000000000201220120000000004951590000000000000002038                900002329           09      00        
0330002300038Z70976E14B966B334E7D475C                                         PGTFORNB20122012900002329                                                                                                                               00        
0330002300039J00023791555300000154103372090000005669300584500MAGGI CAMINHOES LTDA          20122012000000000015410000000000000000000000000000000201220120000000000154100000000000000002040                900002330           09      00        
0330002300040Z70976E1E43E1919FD8BD460                                         PGTFORNB20122012900002330                                                                                                                               00        
0330002300041J00034199555300000749301124294085638351016152000MANDO MACHINERY LTDA          20122012000000000074930000000000000000000000000000000201220120000000000749300000000000000002041                900002331           09      00        
0330002300042Z70976E1A4C7172445E10155                                         PGTFORNB20122012900002331                                                                                                                               00        
0330002300043J00023793555300000445903394090000013061800324600MORELATE DISTRIBUIDORA DE AUTO20122012000000000044590000000000000000000000000000000201220120000000000445900000000000000002043                900002332           09      00        
0330002300044Z70976E1268BFD4D6B350E60                                         PGTFORNB20122012900002332                                                                                                                               00        
0330002300045J00039993555300001202676696534188004540096965001PELLEGRINO DISTRIBUIDORA DE AU20122012000000000120267000000000000000000000000000000201220120000000001202670000000000000002044                900002333           09      00        
0330002300046Z70976E11619092BFED6A679                                         PGTFORNB20122012900002333                                                                                                                               00        
0330002300047J00023794555300000053853371090000833798800719500AVEBRAZ COMERCIO DE VEICULOS E20122012000000000005385000000000000000000000000000000201220120000000000053850000000000000002020                900002313           09      00        
0330002300048Z70976E125ED3E91E35CF747                                         PGTFORNB20122012900002313                                                                                                                               00        
0330002300049J00039992555300001282561765390846611960078237001BAP AUTOMOTIVA LTDA           20122012000000000128256000000000000000000000000000000201220120000000001282560000000000000002021                900002314           09      00        
0330002300050Z70976E1EDD9279C41E58F8E                                         PGTFORNB20122012900002314                                                                                                                               00        
0330002300051J00039992555300001243501765390847411960078237001BAP AUTOMOTIVA LTDA           20122012000000000124350000000000000000000000000000000201220120000000001243500000000000000002022                900002315           09      00        
0330002300052Z70976E1252C97E730F5F91E                                         PGTFORNB20122012900002315                                                                                                                               00        
0330002300053J00039991555300003948911765390848211960078237001BAP AUTOMOTIVA LTDA           20122012000000000394891000000000000000000000000000000201220120000000003948910000000000000002023                900002316           09      00        
0330002300054Z70976E1F9E5E30FA65190F4                                         PGTFORNB20122012900002316                                                                                                                               00        
0330002300055J00039998555300000840171765390845811960078237001BAP AUTOMOTIVA LTDA           20122012000000000084017000000000000000000000000000000201220120000000000840170000000000000002024                900002317           09      00        
0330002300056Z70976E1148B49D4B14A2778                                         PGTFORNB20122012900002317                                                                                                                               00        
0330002300057J00023794555300000932003114091293598226401763000BANCO SAFRA S/A               20122012000000000093200000000000000000000000000000000201220120000000000932000000000000000002025                900002318           09      00        
0330002300058Z70976E17CFBEC29E01DC3EE                                         PGTFORNB20122012900002318                                                                                                                               00        
0330002300059J00039997555300000377181765417530604061860231001CAR CENTRAL DE AUTOPECAS E ROL20122012000000000037718000000000000000000000000000000201220120000000000377180000000000000002026                900002319           09      00        
0330002300060Z70976E1B87E97F9532279CF                                         PGTFORNB20122012900002319                                                                                                                               00        
0330002300061J00000191555300000529000000001011760000003834118COMPEL DISTR E COM DE AUTO PEC20122012000000000052900000000000000000000000000000000201220120000000000529000000000000000002029                900002320           09      00        
0330002300062Z70976E10D846963EF3D423C                                         PGTFORNB20122012900002320                                                                                                                               00        
0330002300063J00000191555300000481900000001011760000003834318COMPEL DISTR E COM DE AUTO PEC20122012000000000048190000000000000000000000000000000201220120000000000481900000000000000002030                900002321           09      00        
0330002300064Z70976E1BAEEE94F5F7E4D6B                                         PGTFORNB20122012900002321                                                                                                                               00        
0330002300065J00034194555300001116891126557338580078267192000DISTRIBUIDORA DE PECAS PARA AU20122012000000000111689000000000000000000000000000000201220120000000001116890000000000000002031                900002322           09      00        
0330002300066Z70976E11A67B4C9D67028B5                                         PGTFORNB20122012900002322                                                                                                                               00        
03300025         000068000000000003947728000000000000000000311220                                                                                                                                                                               
03399999         000002000090000000                                                                                                                                                                                                             
