03300000         2054375370001370033006500490028050300065 0000480000414 AUTO GERAL DE ITU LTDA        BANCO SANTANDER                         22510201210394900001506000000                                        G4016PF00528                 
03300011C2030030 205437537000137003300650049002805030006550000480000414 AUTO GERAL DE ITU LTDA                                                AV DR OCTAVIANO PEREIRA MENDES01333               ITU                 13301000SP                  
0330001300001J00003393549700001860749482966200000019908450104CAR CENTRAL DE AUTOPECAS E ROL251020120000000001860740000000000000000000000000000002510201200000000018607400000000000000070                  900000359           00      BD        
0330001300002J00003397549700002623709482966200000020327670104CAR CENTRAL DE AUTOPECAS E ROL251020120000000002623700000000000000000000000000000002510201200000000026237000000000000000071                  900000360           00      BD        
0330001300003J00003396549700011008739482285400000091717380203JOFUND S/A                    251020120000000011008730000000000000000000000000000002510201200000000110087300000000000000095                  900000361           00      BD        
03300015         000005000000000001549317000000000000000000                                                                                                                                                                                     
03300021C2031030 205437537000137003300650049002805030006550000480000414 AUTO GERAL DE ITU LTDA                                                AV DR OCTAVIANO PEREIRA MENDES01333               ITU                 13301000SP                  
0330002300001J00034192549700000090001124858325089107002439000AUTO PECAS CASTRO LTDA        251020120000000000090000000000000000000000000000000002510201200000000000900000000000000000064                  900000362           00      BD        
0330002300002J00039991549700002028111761770769111960078237001BAP AUTOMOTIVA LTDA           251020120000000002028110000000000000000000000000000002510201200000000020281100000000000000065                  900000363           00      BD        
0330002300003J00039991549700001156401761770768311960078237001BAP AUTOMOTIVA LTDA           251020120000000001156400000000000000000000000000000002510201200000000011564000000000000000066                  900000364           00      BD        
0330002300004J00039996549700002639901761779150111960078237001BAP AUTOMOTIVA LTDA           251020120000000002639900000000000000000000000000000002510201200000000026399000000000000000067                  900000365           00      BD        
0330002300005J00023792549700003841432002061201360349100829680COMERCIAL AUTOMOTIVA S.A.     251020120000000003841430000000000000000000000000000002510201200000000038414300000000000000068                  900000366           00      BD        
0330002300006J00023791549700000625592002061201360187100829680COMERCIAL AUTOMOTIVA S.A.     251020120000000000625590000000000000000000000000000002510201200000000006255900000000000000069                  900000367           00      BD        
0330002300007J00039994549700000365151761800866504061860231001CAR CENTRAL DE AUTOPECAS E ROL251020120000000000365150000000000000000000000000000002510201200000000003651500000000000000072                  900000368           00      BD        
0330002300008J00034193549700000762001124489174040076000777000CENTRE PECAS FABBRI LTDA      251020120000000000762000000000000000000000000000000002510201200000000007620000000000000000073                  900000369           00      BD        
0330002300009J00034194549700000131501124489173960076000777000CENTRE PECAS FABBRI LTDA      251020120000000000131500000000000000000000000000000002510201200000000001315000000000000000074                  900000370           00      BD        
0330002300010J00034194549800000076001124489173880076000777000CENTRE PECAS FABBRI LTDA      261020120000000000076000000000000000000000000000000002510201200000000000760000000000000000075                  900000371           00      BD        
0330002300011J00034191549700000033501124489174460076000777000CENTRE PECAS FABBRI LTDA      251020120000000000033500000000000000000000000000000002510201200000000000335000000000000000076                  900000372           00      BD        
0330002300012J00023791549700010149743396092272000000200008270CINPAL CIA IND DE PECAS P/ AUT251020120000000010149740000000000000000000000000000002510201200000000101497400000000000000077                  900000373           00      BD        
0330002300013J00023791549700000867373262090000028930700935470COMDIP COMERCIAL DISTR DE PECA251020120000000000867370000000000000000000000000000002510201200000000008673700000000000000078                  900000374           00      BD        
0330002300014J00023797549700000152410311061201362428100829680COMERCIAL AUTOMOTIVA S.A.     251020120000000000152410000000000000000000000000000002510201200000000001524100000000000000079                  900000375           00      BD        
0330002300015J00074594549700009547063302268054030770071523044COMERCIAL DE AUTO PECAS EMBREP251020120000000009547060000000000000000000000000000002510201200000000095470600000000000000080                  900000376           00      BD        
0330002300016J00039992549700000990271761773490701190014197001COMERCIAL DE AUTO PECAS EMBREP251020120000000000990270000000000000000000000000000002510201200000000009902700000000000000081                  900000377           00      BD        
0330002300017J00000193549700000574410000001011760000003684618COMPEL DISTR. E COM. DE AUTO P251020120000000000574410000000000000000000000000000002510201200000000005744100000000000000082                  900000378           00      BD        
0330002300018J00034198549700000912251124389182142938030539000DELPHI  AUTOM SYSTEMS BR LTDA 251020120000000000912250000000000000000000000000000002510201200000000009122500000000000000083                  900000379           00      BD        
0330002300019J00035694549700000207240689070323430000004886479DISTRIBUIDORA AUTOMOTIVA S.A. 251020120000000000207240000000000000000000000000000002510201200000000002072400000000000000084                  900000380           00      BD        
0330002300020J00035691549700003017970689070323490000004886481DISTRIBUIDORA AUTOMOTIVA S.A. 251020120000000003017970000000000000000000000000000002510201200000000030179700000000000000085                  900000381           00      BD        
0330002300021J00035696549700000403980689070323400000004886480DISTRIBUIDORA AUTOMOTIVA S.A. 251020120000000000403980000000000000000000000000000002510201200000000004039800000000000000086                  900000382           00      BD        
0330002300022J00035698549700000102070689070323440000004886478DISTRIBUIDORA AUTOMOTIVA S.A. 251020120000000000102070000000000000000000000000000002510201200000000001020700000000000000087                  900000383           00      BD        
0330002300023J00035695549700000451670689070323460000004886302DISTRIBUIDORA AUTOMOTIVA S.A. 251020120000000000451670000000000000000000000000000002510201200000000004516700000000000000088                  900000384           00      BD        
0330002300024J00035698549700000288100689070323490000004886333DISTRIBUIDORA AUTOMOTIVA S.A. 251020120000000000288100000000000000000000000000000002510201200000000002881000000000000000089                  900000385           00      BD        
0330002300025J00023797549700000302730138092271000001301453000OBB CONSULTORIA E PARTICIPACOE251020120000000000302730000000000000000000000000000002510201200000000003027300000000000000090                  900000386           00      BD        
0330002300026J00034193549700000475831090303905390109276204000GIRANDO COMERCIO DE PECAS LTDA251020120000000000475830000000000000000000000000000002510201200000000004758300000000000000091                  900000387           00      BD        
0330002300027J00034191549700000235591090303900750109276204000GIRANDO COMERCIO DE PECAS LTDA251020120000000000235590000000000000000000000000000002510201200000000002355900000000000000092                  900000388           00      BD        
0330002300028J00034192549700004983571090005817490054846332000GT COMERCIO DE LUBRIFICANTES L251020120000000004983570000000000000000000000000000002510201200000000049835700000000000000093                  900000389           00      BD        
0330002300029J00023796549700001525371911092270000002400178030LNG IMP.E.XP. DE AUTO PECAS LT251020120000000001525370000000000000000000000000000002510201200000000015253700000000000000096                  900000390           00      BD        
0330002300030J00023791549700000389443394090000010264300324600MORELATE DISTRIB DE AUTO PECAS251020120000000000389440000000000000000000000000000002510201200000000003894400000000000000097                  900000391           00      BD        
0330002300031J00023793549700000586402500090256565209500000340ODAPEL DISTRIBUIDORA DE AUTO P251020120000000000586400000000000000000000000000000002510201200000000005864000000000000000098                  900000392           00      BD        
0330002300032J00034199000000000000001219795073411012365225000PACAEMBU AUTO PECAS LTDA      251020120000000000318000000000000000000000000000000002510201200000000003180000000000000000099                  900000393           00      BD        
0330002300033J00039995549700002662008145171417104540096965001PELLEGRINO DIST DE AUTOPECAS L2510201200000000026620000000000000000000000000000000025102012000000000266200000000000000000100                 900000394           00      BD        
0330002300034J00039996549700002013058145171416304540096965001PELLEGRINO DIST DE AUTOPECAS L2510201200000000020130500000000000000000000000000000025102012000000000201305000000000000000101                 900000395           00      BD        
0330002300035J00039997549700000956198144664100004540096965001PELLEGRINO DIST DE AUTOPECAS L2510201200000000009561900000000000000000000000000000025102012000000000095619000000000000000102                 900000396           00      BD        
0330002300036J00039995549700005991668144664101804540096965001PELLEGRINO DIST DE AUTOPECAS L2510201200000000059916600000000000000000000000000000025102012000000000599166000000000000000103                 900000397           00      BD        
0330002300037J00039996549700002043836696533488304540096965001PELLEGRINO DIST DE AUTOPECAS L2510201200000000020438300000000000000000000000000000025102012000000000204383000000000000000104                 900000398           00      BD        
0330002300038J00039991549700001949962696540438304540096965001PELLEGRINO DIST DE AUTOPECAS L2510201200000000019499600000000000000000000000000000025102012000000000194996000000000000000105                 900000399           00      BD        
0330002300039J00023793549700000633313484092255000014301129000PETRONAS LUBRIFICANTES S/A    2510201200000000006333100000000000000000000000000000025102012000000000063331000000000000000106                 900000400           00      BD        
0330002300040J00023797549700001648913684190000015730500673000POLIPECAS DISTRIBUIDORA AUTOMO2510201200000000016489100000000000000000000000000000025102012000000000164891000000000000000107                 900000401           00      BD        
0330002300041J00023798549700002364063684190000015736000673000POLIPECAS DISTRIBUIDORA AUTOMO2510201200000000023640600000000000000000000000000000025102012000000000236406000000000000000108                 900000402           00      BD        
0330002300042J00023795549700002719823684190000015729500673000POLIPECAS DISTRIBUIDORA AUTOMO2510201200000000027198200000000000000000000000000000025102012000000000271982000000000000000109                 900000403           00      BD        
0330002300043J00023794549700000570063684190000015732500673000POLIPECAS DISTRIBUIDORA AUTOMO2510201200000000005700600000000000000000000000000000025102012000000000057006000000000000000110                 900000404           00      BD        
0330002300044J00023793549700002554433684190000015727100673000POLIPECAS DISTRIBUIDORA AUTOMO2510201200000000025544300000000000000000000000000000025102012000000000255443000000000000000111                 900000405           00      BD        
0330002300045J00023799549700003250933684190000015722100673000POLIPECAS DISTRIBUIDORA AUTOMO2510201200000000032509300000000000000000000000000000025102012000000000325093000000000000000112                 900000406           00      BD        
0330002300046J00023797549700003688763684190000015739100673000POLIPECAS DISTRIBUIDORA AUTOMO2510201200000000036887600000000000000000000000000000025102012000000000368876000000000000000113                 900000407           00      BD        
0330002300047J00000191549700000257270000002096856000002030617PRV COMERCIO DE PECAS LTDA    2510201200000000002572700000000000000000000000000000025102012000000000025727000000000000000114                 900000408           00      BD        
0330002300048J00039998549700000844622053127143305313093513001REAL MOTO PECAS LTDA          2510201200000000008446200000000000000000000000000000025102012000000000084462000000000000000115                 900000409           00      BD        
0330002300049J00000191549700000965720000002175416000002491217SK AUTOMOTIVE DIST AUTOPCS    2510201200000000009657200000000000000000000000000000025102012000000000096572000000000000000116                 900000410           00      BD        
0330002300050J00000194549700000721880000002175416000002483917SK AUTOMOTIVE DIST AUTOPCS    2510201200000000007218800000000000000000000000000000025102012000000000072188000000000000000117                 900000411           00      BD        
0330002300051J00000197549700000144420000002175416000002484017SK AUTOMOTIVE DIST AUTOPCS    2510201200000000001444200000000000000000000000000000025102012000000000014442000000000000000118                 900000412           00      BD        
0330002300052J00000193549700000298530000001451450000032817817SK AUTOMOTIVE DIST AUTOPCS    2510201200000000002985300000000000000000000000000000025102012000000000029853000000000000000119                 900000413           00      BD        
0330002300053J00023791549700000625073395090000004538700650000SORANA SUL                    2510201200000000006250700000000000000000000000000000025102012000000000062507000000000000000120                 900000414           00      BD        
0330002300054J00039997549700002761891762089738804540575219001TRELLEBORG AUTOMOTIVE DO BRASI2510201200000000027618900000000000000000000000000000025102012000000000276189000000000000000121                 900000415           00      BD        
0330002300055J00039997549700000021481762089740004540575219001TRELLEBORG AUTOMOTIVE DO BRASI2510201200000000000214800000000000000000000000000000025102012000000000002148000000000000000122                 900000416           00      BD        
0330002300056J00034191549700002945931124890666738949010469000TSA TECN SIST AUTOM LTDA      2510201200000000029459300000000000000000000000000000025102012000000000294593000000000000000123                 900000417           00      BD        
0330002300057J00034195549700000751491579987759996260139677000ABDELNOR II COM COMB LTDA     2510201200000000007514900000000000000000000000000000025102012000000000075149000000000000000124                 900000418           00      BD        
0330002300058J00034191549700000292921579999240380278483557000AUTO POSTO ESTRADAO DE ITU LTD2510201200000000002929200000000000000000000000000000025102012000000000029292000000000000000125                 900000419           00      BD        
03300025         000060000000000009190924000000000000000000                                                                                                                                                                                     
03300031C2016010 205437537000137003300650049002805030006550000480000414 AUTO GERAL DE ITU LTDA                                                AV DR OCTAVIANO PEREIRA MENDES01333               ITU                 13301000SP                  
0330003300001N000126                 900000420           AUTOGERAL DE ITU LTDA         25102012000000000300791008109020543753700013716300920120000000000000810900000000030079100000000000000000000000000000025102012                 3BD        
0330003300002B   205437537000137                              00000                                                  00000000  251020120000000000000000000000000000000000000000000000000000000000000000000000000000              00000          
03300035         000004000000000000300791000000000000000000                                                                                                                                                                                     
03300041C2022010 205437537000137003300650049002805030006550000480000414 AUTO GERAL DE ITU LTDA                                                AV DR OCTAVIANO PEREIRA MENDES01333               ITU                 13301000SP                  
0330004300001N000127                 900000421           AUTO GERAL DE ITU LTDA        2510201200000000062983900046202054375370001372225102012387034155115000000000000009201200000000000000000000006169450000000000055500000000012339 BD        
0330004300002B   205437537000137                              00000                                                  00000000  251020120000000000000000000000000000000000000000000000000000000000000000000000000000              00000BD        
03300045         000004000000000000629839000000000000000000                                                                                                                                                                                     
03399999         000004000075000000                                                                                                                                                                                                             
