03300000         2054375370001370033006500490028050300065 0000480000414 AUTO GERAL DE ITU LTDA        SANTANDER                               22603201302162700029306000000                                                                     
03300011C2030030 2054375370001370033006500490028050300065 0000480000414 AUTO GERAL DE ITU LTDA                                                                              00000                                   00000000                    
0330001300001J00003393564900002601549141963300000007575000201VALERIA DAVANSO AGUADO        26032013000000000260154000000000000000000000000000000260320130000000002601540000000000000005287                900005550           09      00        
0330001300002Z70976E17FD063D9A355E128                                         PGTFORNB26032013900005550                                                                                                                               00        
0330001300003J00035698564900000119500689070323440000003267506DISTRIBUIDORA AUTOMOTIVA S.A. 26032013000000000011950000000000000000000000000000000260320130000000000119500000000000000005273                900005557           09      00        
0330001300004Z70976E1B591F28C06956444                                         PGTFORNB26032013900005557                                                                                                                               00        
03300015         000006000000000000272104000000000000000000300326                                                                                                                                                                               
03300021C2031030 2054375370001370033006500490028050300065 0000480000414 AUTO GERAL DE ITU LTDA                                                                              00000                                   00000000                    
0330002300001J00039999564900000401481770049213304570524809001F CONFUORTO IND COM PCS LTDA  26032013000000000040148000000000000000000000000000000260320130000000000401480000000000000005274                900005558           09      00        
0330002300002Z70976E145FAD630E1EB7628                                         PGTFORNB26032013900005558                                                                                                                               00        
0330002300003J00000194564900000134700000002274856000026372417KRE COMERCIO DE PECAS LTDA    26032013000000000013470000000000000000000000000000000260320130000000000134700000000000000005277                900005561           09      00        
0330002300004Z70976E165CAED6CBA20BFEC                                         PGTFORNB26032013900005561                                                                                                                               00        
0330002300005J00023791564900000240000136093058000001501269910MEMORIAL COMERCIO DE PECAS LTD26032013000000000024000000000000000000000000000000000260320130000000000240000000000000000005278                900005562           09      00        
0330002300006Z70976E1832D376B2E1523E0                                         PGTFORNB26032013900005562                                                                                                                               00        
0330002300007J00034193564900003674521129420157620191074004000POLIPECAS COMERCIAL E IMPORTAD26032013000000000367452000000000025722000000000000000260320130000000003417300000000000000005279                900005563           09      00        
0330002300008Z70976E1A0A7BE876013E948                                         PGTFORNB26032013900005563                                                                                                                               00        
0330002300009J00034192564900000668571128901943790046365078000FELICIO VIGORITO FILHOS LTDA  26032013000000000066857000000000000000000000000000000260320130000000000668570000000000000005275                900005559           09      00        
0330002300010Z70976E1B6F8CD9C4130B9A9                                         PGTFORNB26032013900005559                                                                                                                               00        
0330002300011J00000191564900000292701204334788128150001150017JANCAP COMERCIO IMPORTACAO E E26032013000000000029270000000000000000000000000000000260320130000000000292700000000000000005276                900005560           09      00        
0330002300012Z70976E1C216323DFE03C469                                         PGTFORNB26032013900005560                                                                                                                               00        
0330002300013J00034191564900001316941128772145390237417159000ACCIOLY SA IMP E COM          26032013000000000131694000000000000000000000000000000260320130000000001316940000000000000005267                900005551           09      00        
0330002300014Z70976E1D1B5060331669918                                         PGTFORNB26032013900005551                                                                                                                               00        
0330002300015J00034199564900000409971572134806500278483557000AUTO POSTO ESTRADAO DE ITU LTD26032013000000000040997000000000000000000000000000000260320130000000000409970000000000000005268                900005552           09      00        
0330002300016Z70976E102FE7EF56BA49667                                         PGTFORNB26032013900005552                                                                                                                               00        
0330002300017J00034199564900001006681128805139358514325201000BODIPASA BOMBAS DIESEL PAULIST26032013000000000100668000000000000000000000000000000260320130000000001006680000000000000005269                900005553           09      00        
0330002300018Z70976E1B68B6910F113BC91                                         PGTFORNB26032013900005553                                                                                                                               00        
0330002300019J00023791564900000896243397093074000008600008840CINDUMEL CIA IND DE METAIS E L26032013000000000089624000000000000000000000000000000260320130000000000896240000000000000005270                900005554           09      00        
0330002300020Z70976E1420E2BA6CCB3E93B                                         PGTFORNB26032013900005554                                                                                                                               00        
0330002300021J00023795564900000266632002061301417207100829680COMERCIAL AUTOMOTIVA S.A.     26032013000000000026663000000000000000000000000000000260320130000000000266630000000000000005271                900005555           09      00        
0330002300022Z70976E1261DC9E5C859AB61                                         PGTFORNB26032013900005555                                                                                                                               00        
0330002300023J00023798564900000332552002061301416867100829680COMERCIAL AUTOMOTIVA S.A.     26032013000000000033255000000000000000000000000000000260320130000000000332550000000000000005272                900005556           09      00        
0330002300024Z70976E1FA16EEE65388B983                                         PGTFORNB26032013900005556                                                                                                                               00        
0330002300025J00000195564900007267870000001597457132220842517PETROBRAS DISTRIBUIDORA       26032013000000000726787000000000000000000000000000000260320130000000007267870000000000000005280                900005564           09      00        
0330002300026Z70976E173860E5C7CCE66D8                                         PGTFORNB26032013900005564                                                                                                                               00        
0330002300027J00000198564900000451230000001597457132220842817PETROBRAS DISTRIBUIDORA       26032013000000000045123000000000000000000000000000000260320130000000000451230000000000000005281                900005565           09      00        
0330002300028Z70976E1B9C79804A88F93C4                                         PGTFORNB26032013900005565                                                                                                                               00        
0330002300029J00000199564900004549330000001597457132220841917PETROBRAS DISTRIBUIDORA       26032013000000000454933000000000000000000000000000000260320130000000004549330000000000000005282                900005566           09      00        
0330002300030Z70976E1D10095A44A52060B                                         PGTFORNB26032013900005566                                                                                                                               00        
0330002300031J00000197564900002777110000001597457132220842217PETROBRAS DISTRIBUIDORA       26032013000000000277711000000000000000000000000000000260320130000000002777110000000000000005283                900005567           09      00        
0330002300032Z70976E19F72DE488705C434                                         PGTFORNB26032013900005567                                                                                                                               00        
0330002300033J00039998564900001077663133588045805313093513001REAL MOTO PECAS LTDA          26032013000000000107766000000000000000000000000000000260320130000000001077660000000000000005284                900005568           09      00        
0330002300034Z70976E1CC3F2F8614551DDA                                         PGTFORNB26032013900005568                                                                                                                               00        
0330002300035J00000197564900000025650444941520619140000644711SHARK TRATORES E PECAS LTDA   26032013000000000002565000000000000000000000000000000260320130000000000025650000000000000005285                900005569           09      00        
0330002300036Z70976E1C8D117D7823BBE58                                         PGTFORNB26032013900005569                                                                                                                               00        
0330002300037J00000194564900000107640444831246433260008018911T-PARTS COML E IMP DE AUTOPECA26032013000000000010764000000000000000000000000000000260320130000000000107640000000000000005286                900005570           09      00        
0330002300038Z70976E181AEDF046BB239CE                                         PGTFORNB26032013900005570                                                                                                                               00        
0330002300039J00023794564900000605111998190000012002100503970VANUCCI IMPORTACAO EXPORT. E C26032013000000000060511000000000000000000000000000000260320130000000000605110000000000000005288                900005571           09      00        
0330002300040Z70976E1F6345EDD8C7DBF59                                         PGTFORNB26032013900005571                                                                                                                               00        
03300025         000042000000000002624536000000000000000000310326                                                                                                                                                                               
03300031C2003031 2054375370001370033006500490028050300065 0000480000414 AUTO GERAL DE ITU LTDA                                                                              00000                                   00000000                    
0330003300001A0007000010154660000002050374 GERAL PARTS COM PECAS E ABRASI5289                26032013BRL000000000000000000000000153771900005549           26032013000000000153771                                        07          000        
0330003300002B   252472438000176                              00000                                                  00000000  260320130000000001537710000000000000000000000000000000000000000000000000000000000000000                00        
0330003300003Z70976E19E8BAA9638C23C57                                         PGTFORNB26032013900005549                                                                                                                               00        
03300035         000005000000000000153771000000000000000000030326                                                                                                                                                                               
03399999         000003000055000000                                                                                                                                                                                                             
