03300000         2054375370001370033006500490028050300065 0000480000414 AUTO GERAL DE ITU LTDA        SANTANDER                               22003201302234800028206000000                                                                     
03300011C2030030 2054375370001370033006500490028050300065 0000480000414 AUTO GERAL DE ITU LTDA                                                                              00000                                   00000000                    
0330001300001J00003391564300000502009492147000000000568390104J FREITAS COM IMP E EXP LTDA  20032013000000000050200000000000000000000000000000000200320130000000000502000000000000000005063                900005326           09      00        
0330001300002Z70976E1050B11B92576AEB1                                         PGTFORNB20032013900005326                                                                                                                               00        
0330001300003J00003393564300001053199489019100000092376150104KSPG AUTOMOTIVE BRASIL LTDA   20032013000000000105319000000000070998000000000000000200320130000000000343210000000000000005065                900005328           09      00        
0330001300004Z70976E160A99C664CC281EE                                         PGTFORNB20032013900005328                                                                                                                               00        
0330001300005J00003391564300000747019489019100000092383280104KSPG AUTOMOTIVE BRASIL LTDA   20032013000000000074701000000000000000000000000000000200320130000000000747010000000000000005066                900005329           09      00        
0330001300006Z70976E17188A32E7FE75AA4                                         PGTFORNB20032013900005329                                                                                                                               00        
0330001300007J00003397564300006900969574514400000000041700104M3D INDUSTRIA E COMERCIO DE PE20032013000000000690096000000000000000000000000000000200320130000000006900960000000000000005067                900005330           09      00        
0330001300008Z70976E1AC716E51B2721745                                         PGTFORNB20032013900005330                                                                                                                               00        
0330001300009J00003396564300001625009126436200000010127460102NOVA RADIO REGIONAL LTDA      20032013000000000162500000000000000000000000000000000200320130000000001625000000000000000005070                900005331           09      00        
0330001300010Z70976E1640B58CB38969432                                         PGTFORNB20032013900005331                                                                                                                               00        
0330001300011J00003399564300000121249499820000000000469900104KS PRODUTOS AUTOMOTIVOS LTDA  20032013000000000012124000000000000000000000000000000200320130000000000121240000000000000005064                900005327           09      00        
0330001300012Z70976E164C333428D10DEFC                                         PGTFORNB20032013900005327                                                                                                                               00        
03300015         000014000000000001023942000000000000000000300320                                                                                                                                                                               
03300021C2031030 2054375370001370033006500490028050300065 0000480000414 AUTO GERAL DE ITU LTDA                                                                              00000                                   00000000                    
0330002300001J00023797564300000550883372090000016593905040000ABRAO REZE COM DE VEICULOS LTD20032013000000000055088000000000000000000000000000000200320130000000000550880000000000000005044                900005332           09      00        
0330002300002Z70976E12B054D11BF0CB53C                                         PGTFORNB20032013900005332                                                                                                                               00        
0330002300003J00034191564300000203991090304651660109276204000GIRANDO COMERCIO DE PECAS LTDA20032013000000000020399000000000000000000000000000000200320130000000000203990000000000000005060                900005348           09      00        
0330002300004Z70976E191FC4B9F242F652C                                         PGTFORNB20032013900005348                                                                                                                               00        
0330002300005J00034198564300002547671090006648420054846332000GT COMERCIO DE LUBRIFICANTES L20032013000000000254767000000000000000000000000000000200320130000000002547670000000000000005061                900005349           09      00        
0330002300006Z70976E19A031FC6B8EC9AC9                                         PGTFORNB20032013900005349                                                                                                                               00        
0330002300007J00023792564300002200943114091340174292001763000BANCO SAFRA S/A               20032013000000000220094000000000000000000000000000000200320130000000002200940000000000000005062                900005350           09      00        
0330002300008Z70976E12E71C2F2EC3A0075                                         PGTFORNB20032013900005350                                                                                                                               00        
0330002300009J00034199564300000489281129015573090017328824000MTE THOMSON IND COM LTDA      20032013000000000048928000000000000000000000000000000200320130000000000489280000000000000005068                900005351           09      00        
0330002300010Z70976E19C3AB09F0D8CA821                                         PGTFORNB20032013900005351                                                                                                                               00        
0330002300011J00023795564300000567323394090000017342600324600MORELATE DISTRIBUIDORA DE AUTO20032013000000000056732000000000000000000000000000000200320130000000000567320000000000000005069                900005352           09      00        
0330002300012Z70976E1BC400AE6B726A8D1                                         PGTFORNB20032013900005352                                                                                                                               00        
0330002300013J00023791564300000275483484093036000093801129000PETRONAS LUBRIFICANTES BRASIL 20032013000000000027548000000000000000000000000000000200320130000000000275480000000000000005071                900005353           09      00        
0330002300014Z70976E14B1607252E67EC42                                         PGTFORNB20032013900005353                                                                                                                               00        
0330002300015J00023798564300002520002698091130630209900064240RADIO MODELO FM LTDA          20032013000000000252000000000000000000000000000000000200320130000000002520000000000000000005072                900005354           09      00        
0330002300016Z70976E11EDF3957A84FB020                                         PGTFORNB20032013900005354                                                                                                                               00        
0330002300017J00000197564300000095000000002219956000066437418SERVTRONICA SEGURANCA ELETRONI20032013000000000009500000000000000000000000000000000200320130000000000095000000000000000005073                900005355           09      00        
0330002300018Z70976E1F2D8F847CBC3F4D5                                         PGTFORNB20032013900005355                                                                                                                               00        
0330002300019J00034197564300000156331128673661662938069594000TEMPO AUTOMOVEIS PECAS LTDA   20032013000000000015633000000000000000000000000000000200320130000000000156330000000000000005074                900005356           09      00        
0330002300020Z70976E1B70962E6F6981C2E                                         PGTFORNB20032013900005356                                                                                                                               00        
0330002300021J00034196564300004814771129015587600017697418000THOMSON C I COM PROD AUT LTDA 20032013000000000481477000000000000000000000000000000200320130000000004814770000000000000005075                900005357           09      00        
0330002300022Z70976E1672C0BB66C6A0633                                         PGTFORNB20032013900005357                                                                                                                               00        
0330002300023J00023794564300000361260545090000033336100705060TONINI DISTRIBUIDORA LTDA     20032013000000000036126000000000000000000000000000000200320130000000000361260000000000000005076                900005358           09      00        
0330002300024Z70976E126FC0AAD1C13E2DE                                         PGTFORNB20032013900005358                                                                                                                               00        
0330002300025J00023792564300000003680364060000212591500001400PREFEITURA MUNICIPAL DE PORTO 20032013000000000000368000000000000000000000000000000200320130000000000003680000000000000005077                900005359           09      00        
0330002300026Z70976E1C52439879E992EFE                                         PGTFORNB20032013900005359                                                                                                                               00        
0330002300027J00023792564300000088430364060000500832800001400PREFEITURA MUNICIPAL DE PORTO 20032013000000000008843000000000000000000000000000000200320130000000000088430000000000000005079                900005360           09      00        
0330002300028Z70976E14600B0ECA8A17F73                                         PGTFORNB20032013900005360                                                                                                                               00        
0330002300029J00042291564300007137107002020087700056608815431BANCO SAFRA S/A               20032013000000000713710000000000000000000000000000000200320130000000007137100000000000000005045                900005333           09      00        
0330002300030Z70976E12E6BC764C458B604                                         PGTFORNB20032013900005333                                                                                                                               00        
0330002300031J00023797564300005853981316090000010329200009000APS DISTRIBUIDORA DE AUTOPECAS20032013000000000585398000000000000000000000000000000200320130000000005853980000000000000005046                900005334           09      00        
0330002300032Z70976E12A136F88994A23CB                                         PGTFORNB20032013900005334                                                                                                                               00        
0330002300033J00023797564300001219371316090000010329000009000APS DISTRIBUIDORA DE AUTOPECAS20032013000000000121937000000000000000000000000000000200320130000000001219370000000000000005047                900005335           09      00        
0330002300034Z70976E12B6EB3794983573D                                         PGTFORNB20032013900005335                                                                                                                               00        
0330002300035J00023797564300000645841316090000010328900009000APS DISTRIBUIDORA DE AUTOPECAS20032013000000000064584000000000000000000000000000000200320130000000000645840000000000000005048                900005336           09      00        
0330002300036Z70976E1758E805F6F82487B                                         PGTFORNB20032013900005336                                                                                                                               00        
0330002300037J00023796564300001237361316090000010329100009000APS DISTRIBUIDORA DE AUTOPECAS20032013000000000123736000000000000000000000000000000200320130000000001237360000000000000005049                900005337           09      00        
0330002300038Z70976E177422959A8C34732                                         PGTFORNB20032013900005337                                                                                                                               00        
0330002300039J00023797564300000171523371090000833964800719500AVEBRAZ COMERCIO DE VEICULOS E20032013000000000017152000000000000000000000000000000200320130000000000171520000000000000005050                900005338           09      00        
0330002300040Z70976E1E2EA7BA90CF97B79                                         PGTFORNB20032013900005338                                                                                                                               00        
0330002300041J00034194564300000095001128732615830076000777000CENTER PECAS FABBRI LTDA      20032013000000000009500000000000000000000000000000000200320130000000000095000000000000000005051                900005339           09      00        
0330002300042Z70976E108BF5151B8D8841A                                         PGTFORNB20032013900005339                                                                                                                               00        
0330002300043J00034191564300000038001128874236580076000777000CENTER PECAS FABBRI LTDA      20032013000000000003800000000000000000000000000000000200320130000000000038000000000000000005052                900005340           09      00        
0330002300044Z70976E14B5964B6030F9395                                         PGTFORNB20032013900005340                                                                                                                               00        
0330002300045J00000192564300008787084584340000000000100043621DB DISTRIBUIDORA DE BATERIAS L20032013000000000878708000000000000000000000000000000200320130000000008787080000000000000005053                900005341           09      00        
0330002300046Z70976E1608E1DC2F423EDB7                                         PGTFORNB20032013900005341                                                                                                                               00        
0330002300047J00000191564300004895001610087413314830000770017DIAS  DIAS DISTR DE PECAS LTDA20032013000000000489500000000000000000000000000000000200320130000000004895000000000000000005054                900005342           09      00        
0330002300048Z70976E155BE3C15A483FF0F                                         PGTFORNB20032013900005342                                                                                                                               00        
0330002300049J00034197564300000032561127899678442938000052000EATON LTDA                    20032013000000000003256000000000000000000000000000000200320130000000000032560000000000000005055                900005343           09      00        
0330002300050Z70976E1B96F83215BDBFA49                                         PGTFORNB20032013900005343                                                                                                                               00        
0330002300051J00034199564300000250461127899679352938000052000EATON LTDA                    20032013000000000025046000000000000000000000000000000200320130000000000250460000000000000005056                900005344           09      00        
0330002300052Z70976E16D08CD9662BFA470                                         PGTFORNB20032013900005344                                                                                                                               00        
0330002300053J00034191564300000032561127899678362938000052000EATON LTDA                    20032013000000000003256000000000000000000000000000000200320130000000000032560000000000000005057                900005345           09      00        
0330002300054Z70976E100D56195743AC460                                         PGTFORNB20032013900005345                                                                                                                               00        
0330002300055J00034196564300000210601128313934372938000052000EATON LTDA                    20032013000000000021060000000000000000000000000000000200320130000000000210600000000000000005058                900005346           09      00        
0330002300056Z70976E145A3B443582E5301                                         PGTFORNB20032013900005346                                                                                                                               00        
0330002300057J00034193564300000100001090002046910041791401000GIBIM SEGURANCA ELETRONICA LTD20032013000000000010000000000000000000000000000000000200320130000000000100000000000000000005059                900005347           09      00        
0330002300058Z70976E17A7E567E0C5E018F                                         PGTFORNB20032013900005347                                                                                                                               00        
03300025         000060000000000004558146000000000000000000310320                                                                                                                                                                               
03300031C2022030 2054375370001370033006500490028050300065 0000480000414 AUTO GERAL DE ITU LTDA                                                                              00000                                   00000000                    
0330003300001N0005089                900005371           AUTO GERAL DE ITU LTDA        2003201300000000072736000046202054375370001372220032013387034155115000000000000002201300000000000000000000007273600000000000000000000000000000 00        
0330003300002Z70976E1B98C0390D264C8EA                                         PGTFORNB20032013900005371                                                                                                                               00        
03300035         000004000000000000727360000000000000000000220320                                                                                                                                                                               
03399999         000003000080000000                                                                                                                                                                                                             
