03300000         2054375370001370033006500490028050300065 0000480000414 AUTO GERAL DE ITU LTDA        BANCO SANTANDER                         20711201214130300002406000000                                        G4016PF00528                 
03300011C2030030 205437537000137003300650049002805030006550000480000414 AUTO GERAL DE ITU LTDA                                                AV DR OCTAVIANO PEREIRA MENDES01333               ITU                 13301000SP                  
0330001300001J00003397551000000688809421259200000000347620101GUMP MOTORS COMPONENTES AUTOMO0711201200000000006888000000000000000000000000000000007112012000000000068880000000000000000519                 900000802           00      BD        
0330001300002J00003391551000013833709148017000000001707710104IND E COM AUTO PECAS REI LTDA 0711201200000000138337000000000000000000000000000000007112012000000001383370000000000000000520                 900000803           00      BD        
0330001300003J00003395551000005131009141963300000007083640201VALERIA DAVANSO AGUADO        0711201200000000051310000000000000000000000000000000007112012000000000513100000000000000000533                 900000804           00      BD        
03300015         000005000000000001965350000000000000000000                                                                                                                                                                                     
03300021C2031030 205437537000137003300650049002805030006550000480000414 AUTO GERAL DE ITU LTDA                                                AV DR OCTAVIANO PEREIRA MENDES01333               ITU                 13301000SP                  
0330002300001J00023798551000000264713371090000833642400719500AVEBRAZ COMERCIO DE VEICULOS E0711201200000000002647100000000000000000000000000000007112012000000000026471000000000000000510                 900000805           00      BD        
0330002300002J00034191551000000430401124863226650076000777000CENTER PECAS FABBRI LTDA      0711201200000000004304000000000000000000000000000000007112012000000000043040000000000000000511                 900000806           00      BD        
0330002300003J00034198551000000055701124863226730076000777000CENTER PECAS FABBRI LTDA      0711201200000000000557000000000000000000000000000000007112012000000000005570000000000000000512                 900000807           00      BD        
0330002300004J00000191551000000526000000001748318000003597417DIP DISTRIBUIDORA DE PECAS LTD0711201200000000005260000000000000000000000000000000007112012000000000052600000000000000000513                 900000808           00      BD        
0330002300005J00035699551000000704760689070323450000004888085DISTRIBUIDORA AUTOMOTIVA LTDA 0711201200000000007047600000000000000000000000000000007112012000000000070476000000000000000514                 900000809           00      BD        
0330002300006J00035699551000000295770689070323420000004888096DISTRIBUIDORA AUTOMOTIVA LTDA 0711201200000000002957700000000000000000000000000000007112012000000000029577000000000000000515                 900000810           00      BD        
0330002300007J00023798551000000395150138092263000003401453000OBB CONSULTORIA E PARTICIPACOE0711201200000000003951500000000000000000000000000000007112012000000000039515000000000000000516                 900000811           00      BD        
0330002300008J00023792551000000272960138092284000003501370000OBB CONSULTORIA E PARTICIPACOE0711201200000000002729600000000000000000000000000000007112012000000000027296000000000000000517                 900000812           00      BD        
0330002300009J00034193551000000359921125010653150548006287000ELETROPAR AUTOPECAS LTDA      0711201200000000003599200000000000000000000000000000007112012000000000035992000000000000000518                 900000813           00      BD        
0330002300010J00034198551000002280001125239491730018215004000MEF SUL C I EXPORTACAO LTDA   0711201200000000022800000000000000000000000000000000007112012000000000228000000000000000000521                 900000814           00      BD        
0330002300011J00023797551000000420000136092284000003301269910MEMORIAL COMERCIO DE PECAS LTD0711201200000000004200000000000000000000000000000000007112012000000000042000000000000000000522                 900000815           00      BD        
0330002300012J00034191551000000807331561575409046906089823000MULTGEAR I SERV USIN LTDA EPP 0711201200000000008073300000000000000000000000000000007112012000000000080733000000000000000523                 900000816           00      BD        
0330002300013J00034191551000002949291125309744200191074004000POLIPECAS COML E IMP LTDA     0711201200000000029492900000000002064500000000000000007112012000000000274284000000000000000524                 900000817           00      BD        
0330002300014J00000192551000000253000000001244482993004800517RPT DISTRIBUIDORA DE AUTO PECA0711201200000000002530000000000000000000000000000000007112012000000000025300000000000000000525                 900000818           00      BD        
0330002300015J00034198551000000206601124783577783197239910000EDUARDO SARAIVA               0711201200000000002066000000000000000000000000000000007112012000000000020660000000000000000526                 900000819           00      BD        
0330002300016J00000191551000000350000000001572502000001589617SHARK TRATORES E PECAS LTDA   0711201200000000003500000000000000000000000000000000007112012000000000035000000000000000000527                 900000820           00      BD        
0330002300017J00023792551000000595983395090000004927100650000SORANA SUL                    0711201200000000005959800000000000000000000000000000007112012000000000059598000000000000000528                 900000821           00      BD        
0330002300018J00023794551000000178913395090000004928500650000SORANA SUL                    0711201200000000001789100000000000000000000000000000007112012000000000017891000000000000000529                 900000822           00      BD        
0330002300019J00000198551000000952700441395013733260008018911T-PARTS COMERCIAL E IMPORTADOR0711201200000000009527000000000000000000000000000000007112012000000000095270000000000000000530                 900000823           00      BD        
0330002300020J00034194551000001087591124763163137646210281000TWINGLASS VIDROS LTDA         0711201200000000010875900000000000000000000000000000007112012000000000108759000000000000000531                 900000824           00      BD        
0330002300021J00000197551000002608840441731398833400001200031UNIVERSAL AUTOMOTIVE SYSTEMS S0711201200000000026088400000000000000000000000000000007112012000000000260884000000000000000532                 900000825           00      BD        
0330002300022J00034191553900000010001092192339682938014558000SODEXO PASS DO BRASIL SERV E C0612201200000000000100000000000000000000000000000000007112012000000000001000000000000000000534                 900000826           00      BD        
03300025         000024000000000001579916000000000000000000                                                                                                                                                                                     
03300031C2011010 205437537000137003300650049002805030006550000480000414 AUTO GERAL DE ITU LTDA                                                AV DR OCTAVIANO PEREIRA MENDES01333               ITU                 13301000SP                  
0330003300001O00085810000051835601791211075500508054375370001FGTS GRF CONVENIO 0179        0711201207112012000000000518356535                 900000827                                                                               BD        
0330003300002B   800054375370001                              00000                                                  00000000  071120120000000000000000000000000000000000000000000000000000000000000000000000000000              00000BD        
0330003300003O00085840000010993701791211075500508054375370002FGTS GRF CONVENIO 0179        0711201207112012000000000109937536                 900000828                                                                               BD        
0330003300004B   800054375370002                              00000                                                  00000000  071120120000000000000000000000000000000000000000000000000000000000000000000000000000              00000BD        
0330003300005O00085880000014571101791211075500508054375370003FGTS GRF CONVENIO 0179        0711201207112012000000000145711537                 900000829                                                                               BD        
0330003300006B   800054375370003                              00000                                                  00000000  071120120000000000000000000000000000000000000000000000000000000000000000000000000000              00000BD        
0330003300007O00085880000007098501791211075500508054375370004FGTS GRF CONVENIO 0179        0711201207112012000000000070985538                 900000830                                                                               BD        
0330003300008B   800054375370004                              00000                                                  00000000  071120120000000000000000000000000000000000000000000000000000000000000000000000000000              00000BD        
0330003300009O00085850000015298801791211075500508054375370005FGTS GRF CONVENIO 0179        0711201207112012000000000152988539                 900000831                                                                               BD        
0330003300010B   800054375370005                              00000                                                  00000000  071120120000000000000000000000000000000000000000000000000000000000000000000000000000              00000BD        
0330003300011O00085880000008834301791211075500508054375370006FGTS GRF CONVENIO 0179        0711201207112012000000000088343540                 900000832                                                                               BD        
0330003300012B   800054375370006                              00000                                                  00000000  071120120000000000000000000000000000000000000000000000000000000000000000000000000000              00000BD        
03300035         000014000000000001086320000000000000000000                                                                                                                                                                                     
03399999         000003000045000000                                                                                                                                                                                                             
