03300000         2054375370001370033006500490028050300065 0000480000414 AUTO GERAL DE ITU LTDA        SANTANDER                               20612201203030900008606000000                                                                     
03300011C2030030 2054375370001370033006500490028050300065 0000480000414 AUTO GERAL DE ITU LTDA                                                                              00000                                   00000000                    
0330001300001J00003397553900000400419140743000000001035270203ROM COMERCIAL DE AUTO PECAS LT06122012000000000040041000000000000000000000000000000061220120000000000400410000000000000001480                900001828           09      00        
0330001300002Z70976E1962B7DBACA57A4FD                                         PGTFORNB06122012900001828                                                                                                                               00        
0330001300003J00035699553900000153180689070323440000004891999DISTRIBUIDORA AUTOMOTIVA LTDA 06122012000000000015318000000000000000000000000000000061220120000000000153180000000000000001476                900001838           09      00        
0330001300004Z70976E1D6C466D1A7500A83                                         PGTFORNB06122012900001838                                                                                                                               00        
03300015         000006000000000000055359000000000000000000301206                                                                                                                                                                               
03300021C2031030 2054375370001370033006500490028050300065 0000480000414 AUTO GERAL DE ITU LTDA                                                                              00000                                   00000000                    
0330002300001J00034195553900001712301126076219870078267192000DIST PECAS P/ AUTOS ANHEMBI LT06122012000000000171230000000000000000000000000000000061220120000000001712300000000000000001477                900001839           09      00        
0330002300002Z70976E10D7A66F916FD1C2F                                         PGTFORNB06122012900001839                                                                                                                               00        
0330002300003J00000191553900000640790441975804933200001050131LUPORINI DISTR DE AUTOPECAS LT06122012000000000064079000000000000000000000000000000061220120000000000640790000000000000001486                900001847           09      00        
0330002300004Z70976E1CBCD707A1FA8B355                                         PGTFORNB06122012900001847                                                                                                                               00        
0330002300005J00023791553900000180003372090000005595000584500MAGGI CAMINHOES LTDA          06122012000000000018000000000000000000000000000000000061220120000000000180000000000000000001487                900001848           09      00        
0330002300006Z70976E16293A94295C59CFC                                         PGTFORNB06122012900001848                                                                                                                               00        
0330002300007J00023791553900000204452500090256567685600000340ODAPEL DISTR DE AUTO PECAS LTD06122012000000000020445000000000000000000000000000000061220120000000000204450000000000000001488                900001849           09      00        
0330002300008Z70976E1E65706C8EE1B8AB1                                         PGTFORNB06122012900001849                                                                                                                               00        
0330002300009J00039996553900000736408144665890504540096965001PELLEGRINO DISTR DE AUTO PECAS06122012000000000073640000000000000000000000000000000061220120000000000736400000000000000001489                900001850           09      00        
0330002300010Z70976E137EF5A6E879F7AF5                                         PGTFORNB06122012900001850                                                                                                                               00        
0330002300011J00039997553900000353556696533979604540096965001PELLEGRINO DISTR DE AUTO PECAS06122012000000000035355000000000000000000000000000000061220120000000000353550000000000000001490                900001851           09      00        
0330002300012Z70976E19C82AF44AD481D43                                         PGTFORNB06122012900001851                                                                                                                               00        
0330002300013J00023799553900000612443484092282000025201129000PETRONAS LUBRIFICANTES BRASIL 06122012000000000061244000000000000000000000000000000061220120000000000612440000000000000001491                900001852           09      00        
0330002300014Z70976E154FA5D6B5E64B3F0                                         PGTFORNB06122012900001852                                                                                                                               00        
0330002300015J00034193553900000216311090000523360046365078000VIGORITO CAMILOPOLIS          06122012000000000021631000000000000000000000000000000061220120000000000216310000000000000001481                900001842           09      00        
0330002300016Z70976E1BE643B0B0E130664                                         PGTFORNB06122012900001842                                                                                                                               00        
0330002300017J00034191553900010361161126104743822938017569000FRAS LE S/A                   06122012000000001036116000000000000000000000000000000061220120000000010361160000000000000001482                900001843           09      00        
0330002300018Z70976E1E0FDDCDB62B2A988                                         PGTFORNB06122012900001843                                                                                                                               00        
0330002300019J00034192553900002610241090304102950109276204000GIRANDO COMERCIO DE PECAS LTDA06122012000000000261024000000000000000000000000000000061220120000000002610240000000000000001483                900001844           09      00        
0330002300020Z70976E1E86D7FFAB7DAE5EA                                         PGTFORNB06122012900001844                                                                                                                               00        
0330002300021J00034198553900002764731090304103860109276204000GIRANDO COMERCIO DE PECAS LTDA06122012000000000276473000000000000000000000000000000061220120000000002764730000000000000001484                900001845           09      00        
0330002300022Z70976E130D8496F742A52F2                                         PGTFORNB06122012900001845                                                                                                                               00        
0330002300023J00034192553900000152481124949439162938000052000EATON  LTDA                   06122012000000000015248000000000000000000000000000000061220120000000000152480000000000000001478                900001840           09      00        
0330002300024Z70976E179008B3DEF5CD850                                         PGTFORNB06122012900001840                                                                                                                               00        
0330002300025J00034192553900000127891124949440962938000052000EATON  LTDA                   06122012000000000012789000000000000000000000000000000061220120000000000127890000000000000001479                900001841           09      00        
0330002300026Z70976E1D9DDE644F183AD0D                                         PGTFORNB06122012900001841                                                                                                                               00        
0330002300027J00023797553900000932003114091293598225601763000BODIPASA BOMBAS DIESEL PAULIST06122012000000000093200000000000000000000000000000000061220120000000000932000000000000000001466                900001829           09      00        
0330002300028Z70976E1D87BC347EDD46724                                         PGTFORNB06122012900001829                                                                                                                               00        
0330002300029J00039999553900000579171763507896004061860231001CAR CENTRAL DE AUTOPECAS E ROL06122012000000000057917000000000000000000000000000000061220120000000000579170000000000000001467                900001830           09      00        
0330002300030Z70976E1B31325E6889BEA97                                         PGTFORNB06122012900001830                                                                                                                               00        
0330002300031J00039991553900000805301763506483804061860231001CAR CENTRAL DE AUTOPECAS E ROL06122012000000000080530000000000000000000000000000000061220120000000000805300000000000000001468                900001831           09      00        
0330002300032Z70976E14BD67670200CB2A2                                         PGTFORNB06122012900001831                                                                                                                               00        
0330002300033J00034199553900000096001125743972640076000777000CENTER PECAS FABBRI LTDA      06122012000000000009600000000000000000000000000000000061220120000000000096000000000000000001470                900001832           09      00        
0330002300034Z70976E12F89E34066A3A9C0                                         PGTFORNB06122012900001832                                                                                                                               00        
0330002300035J00034194553900000100001125743972720076000777000CENTER PECAS FABBRI LTDA      06122012000000000010000000000000000000000000000000000061220120000000000100000000000000000001471                900001833           09      00        
0330002300036Z70976E158ED0B7C4C5D31B2                                         PGTFORNB06122012900001833                                                                                                                               00        
0330002300037J00023798553900010146703396092272000000400008270CINPAL CIA IND DE PECAS P/ AUT06122012000000001014670000000000000000000000000000000061220120000000010146700000000000000001472                900001834           09      00        
0330002300038Z70976E146EC0BFF0E76C678                                         PGTFORNB06122012900001834                                                                                                                               00        
0330002300039J00023798553900000867373262090000028931000935470COMDIP COMERCIAL DISTR DE PECA06122012000000000086737000000000000000000000000000000061220120000000000867370000000000000001473                900001835           09      00        
0330002300040Z70976E1B07ACCA37D941F2C                                         PGTFORNB06122012900001835                                                                                                                               00        
0330002300041J00023791553900001257513262090000029284100935470COMDIP COMERCIAL DISTR DE PECA06122012000000000125751000000000000000000000000000000061220120000000001257510000000000000001474                900001836           09      00        
0330002300042Z70976E1F4DE732C35CA726B                                         PGTFORNB06122012900001836                                                                                                                               00        
0330002300043J00034197553900000403801126110158872938036635000DAYCO POWER TRANSMISSION      06122012000000000040380000000000000000000000000000000061220120000000000403800000000000000001475                900001837           09      00        
0330002300044Z70976E1BAE375B65F12375A                                         PGTFORNB06122012900001837                                                                                                                               00        
0330002300045J00034199553900000650001124872552113909030599000HYDRONLUBZ IND C EQUIPAMENTOS 06122012000000000065000000000000000000000000000000000061220120000000000650000000000000000001485                900001846           09      00        
0330002300046Z70976E1B438A3B3CA5F138F                                         PGTFORNB06122012900001846                                                                                                                               00        
0330002300047J00034196553900000521501125009797220384625000000PECAS AUTOMOTIVAS ZEENE LTDA  06122012000000000052150000000000000000000000000000000061220120000000000521500000000000000001492                900001853           09      00        
0330002300048Z70976E189F529D29FD88123                                         PGTFORNB06122012900001853                                                                                                                               00        
0330002300049J00000196553900000673670000002096856000002170917PRV COM DE PECAS LTDA         06122012000000000067367000000000000000000000000000000061220120000000000673670000000000000001493                900001854           09      00        
0330002300050Z70976E1CFA9C3A0D23B3FF0                                         PGTFORNB06122012900001854                                                                                                                               00        
0330002300051J00023792553900001236733395061180232824400028140ROCHESTER DISTR DE AUTOPECAS S06122012000000000123673000000000000000000000000000000061220120000000001236730000000000000001494                900001855           09      00        
0330002300052Z70976E1A6D2C4EDD233DF38                                         PGTFORNB06122012900001855                                                                                                                               00        
0330002300053J00000192553900000250380000001244482993005356217RPT DISTR DE AUTO PCS         06122012000000000025038000000000000000000000000000000061220120000000000250380000000000000001495                900001856           09      00        
0330002300054Z70976E18A8C790DB5EF31EC                                         PGTFORNB06122012900001856                                                                                                                               00        
0330002300055J00023792553900000150843178300000005225600421060TUPER DISTRIB. PROD. METALURGI06122012000000000015084000000000000000000000000000000061220120000000000150840000000000000001496                900001857           09      00        
0330002300056Z70976E1E8E1300A31FD7E03                                         PGTFORNB06122012900001857                                                                                                                               00        
0330002300057J00034191553900000599881126102896163184597502000UNIVERSAL AUTOMOTIVE SYSTEMS S06122012000000000059988000000000000000000000000000000061220120000000000599880000000000000001497                900001858           09      00        
0330002300058Z70976E1687AFD574F2D6429                                         PGTFORNB06122012900001858                                                                                                                               00        
0330002300059J00039993553900001396472053187891505313093513001REAL MOTO PECAS LTDA          06122012000000000139647000000000000000000000000000000061220120000000001396470000000000000001498                900001859           09      00        
0330002300060Z70976E16A5F1A4BDA67E3D4                                         PGTFORNB06122012900001859                                                                                                                               00        
03300025         000062000000000004134006000000000000000000311206                                                                                                                                                                               
03399999         000002000070000000                                                                                                                                                                                                             
