03300000         2054375370001370033006500490028050300065 0000480000414 AUTO GERAL DE ITU LTDA        SANTANDER                               20611201202250500002806000000                                                                     
03300011C2030030 2054375370001370033006500490028050300065 0000480000414 AUTO GERAL DE ITU LTDA                                                                              00000                                   00000000                    
0330001300001J00035692550900000276740689070323400000004887884DISTRIBUIDORA AUTOMOTIVA LTDA 0611201200000000002767400000000000000000000000000000006112012000000000027674000000000000000484                 900000776           09      00        
0330001300002Z70976E199EA7C2B852260C0                                         PGTFORNB06112012900000776                                                                                                                               00        
0330001300003J00035693550900000469330409503986730000000233130ITA PECAS PARA VEICULOS COM. E0611201200000000004693300000000000000000000000000000006112012000000000046933000000000000000478                 900000770           09      00        
0330001300004Z70976E1FFEB00FAA567CDE1                                         PGTFORNB06112012900000770                                                                                                                               00        
03300015         000006000000000000074607000000000000000000301106                                                                                                                                                                               
03300021C2031030 2054375370001370033006500490028050300065 0000480000414 AUTO GERAL DE ITU LTDA                                                                              00000                                   00000000                    
0330002300001J00023791550900000278100545090000028855900705060TONINI DISTRIBUIDORA LTDA     0611201200000000002781000000000000000000000000000000006112012000000000027810000000000000000479                 900000771           09      00        
0330002300002Z70976E1DCA7A97B6228D9A2                                         PGTFORNB06112012900000771                                                                                                                               00        
0330002300003J00039998550900000712662053140481605313093513001REAL MOTO PECAS LTDA          0611201200000000007126600000000000000000000000000000006112012000000000071266000000000000000496                 900000788           09      00        
0330002300004Z70976E14B021A892454A476                                         PGTFORNB06112012900000788                                                                                                                               00        
0330002300005J00039997550900003417832053141290805313093513001REAL MOTO PECAS LTDA          0611201200000000034178300000000000000000000000000000006112012000000000341783000000000000000497                 900000789           09      00        
0330002300006Z70976E1470663367C1B0990                                         PGTFORNB06112012900000789                                                                                                                               00        
0330002300007J00034197550900001280181124971665492938017569000FRAS LE S/A                   0611201200000000012801800000000000000000000000000000006112012000000000128018000000000000000498                 900000790           09      00        
0330002300008Z70976E1A12E9798D2B60770                                         PGTFORNB06112012900000790                                                                                                                               00        
0330002300009J00034193550900000270771125116025860046365078000FELICIO VIGORITO FILHOS LTDA  0611201200000000002707700000000000000000000000000000006112012000000000027077000000000000000499                 900000791           09      00        
0330002300010Z70976E1A17588C94F785ACD                                         PGTFORNB06112012900000791                                                                                                                               00        
0330002300011J00039991550900000228002065409313001852365622001PORT ROYAL DISTR DE VEICULOS L0611201200000000002280000000000000000000000000000000006112012000000000022800000000000000000480                 900000772           09      00        
0330002300012Z70976E1EE7CF933C8764627                                         PGTFORNB06112012900000772                                                                                                                               00        
0330002300013J00023792550900000269006652094665540434500001170SCANI BENZ PECAS DIESEL LTDA  0611201200000000002690000000000000000000000000000000006112012000000000026900000000000000000481                 900000773           09      00        
0330002300014Z70976E1370EB6A1B60434AC                                         PGTFORNB06112012900000773                                                                                                                               00        
0330002300015J00039991550900000296242053144746905313093513001RAL MOTO PECAS LTDA           0611201200000000002962400000000000000000000000000000006112012000000000029624000000000000000482                 900000774           09      00        
0330002300016Z70976E11C5D4F10281458B8                                         PGTFORNB06112012900000774                                                                                                                               00        
0330002300017J00000196550900000851670000001011760000003712718COMPEL DISTR E COM DE AUTO PEC0611201200000000008516700000000000000000000000000000006112012000000000085167000000000000000483                 900000775           09      00        
0330002300018Z70976E1AC6F57D90FFD0DCD                                         PGTFORNB06112012900000775                                                                                                                               00        
0330002300019J00039997550900000616708145172059704540096965001PELLEGRINO DISTR DE AUTO PECAS0611201200000000006167000000000000000000000000000000006112012000000000061670000000000000000485                 900000777           09      00        
0330002300020Z70976E172F2CBEC2B07B135                                         PGTFORNB06112012900000777                                                                                                                               00        
0330002300021J00000195550900001112170000001011760000003712818COMPEL DISTR E COM DE AUTO PEC0611201200000000011121700000000000000000000000000000006112012000000000111217000000000000000486                 900000778           09      00        
0330002300022Z70976E1917BD6DB1276E4F1                                         PGTFORNB06112012900000778                                                                                                                               00        
0330002300023J00034191550900002445111090303952720109276204000GIRANDO COMERCIO DE PECAS LTDA0611201200000000024451100000000000000000000000000000006112012000000000244511000000000000000487                 900000779           09      00        
0330002300024Z70976E1F1B06D98C0BAD59B                                         PGTFORNB06112012900000779                                                                                                                               00        
0330002300025J00034198550900008579361124971665312938017569000FRAS LE S/A                   0611201200000000085793600000000000000000000000000000006112012000000000857936000000000000000488                 900000780           09      00        
0330002300026Z70976E13534738CE3921604                                         PGTFORNB06112012900000780                                                                                                                               00        
0330002300027J00034197550900008983331124971665232938017569000FRAS LE S/A                   0611201200000000089833300000000000000000000000000000006112012000000000898333000000000000000489                 900000781           09      00        
0330002300028Z70976E111EAA60CBA3DA089                                         PGTFORNB06112012900000781                                                                                                                               00        
0330002300029J00023791550900001465700151091322970004001251750PECA MAIS COMERCIO DE AUTO PEC0611201200000000014657000000000000000000000000000000006112012000000000146570000000000000000490                 900000782           09      00        
0330002300030Z70976E10843E2ECD08E04AF                                         PGTFORNB06112012900000782                                                                                                                               00        
0330002300031J00034191550900000194431090303954700109276204000GIRANDO COMERCIO DE PECAS LTDA0611201200000000001944300000000000000000000000000000006112012000000000019443000000000000000491                 900000783           09      00        
0330002300032Z70976E158E1E3E59D6336A0                                         PGTFORNB06112012900000783                                                                                                                               00        
0330002300033J00023794550900000253870138092276000003301453000OBB CONSULTORIA E PARTICIPACOE0611201200000000002538700000000000000000000000000000006112012000000000025387000000000000000492                 900000784           09      00        
0330002300034Z70976E181380FB54EC38864                                         PGTFORNB06112012900000784                                                                                                                               00        
0330002300035J00000194550900000310000000002391652000003502917DIP DISTRIBUIDORA DE PECAS LTD0611201200000000003100000000000000000000000000000000006112012000000000031000000000000000000493                 900000785           09      00        
0330002300036Z70976E1979EAE1861D90FFD                                         PGTFORNB06112012900000785                                                                                                                               00        
0330002300037J00000193550900000615960000002226112440964650011POWER STOP INDUSTRIA E COMERCI0611201200000000006159600000000000000000000000000000006112012000000000061596000000000000000494                 900000786           09      00        
0330002300038Z70976E1B85EAAD58D1DBA3B                                         PGTFORNB06112012900000786                                                                                                                               00        
0330002300039J00039991550900000857892053141970805313093513001REAL MOTO PECAS LTDA          0611201200000000008578900000000000000000000000000000006112012000000000085789000000000000000495                 900000787           09      00        
0330002300040Z70976E1CFA133472B60BDCA                                         PGTFORNB06112012900000787                                                                                                                               00        
0330002300041J00034191550900002226391125195708432938017569000FRAS LE S/A                   0611201200000000022263900000000000000000000000000000006112012000000000222639000000000000000500                 900000792           09      00        
0330002300042Z70976E170C4C1F8E94E194C                                         PGTFORNB06112012900000792                                                                                                                               00        
0330002300043J00023797550900000318072002061201366459100829680COMERCIAL AUTOMOTIVA LTDA     0611201200000000003180700000000000000000000000000000006112012000000000031807000000000000000501                 900000793           09      00        
0330002300044Z70976E181F6E8B7892361B6                                         PGTFORNB06112012900000793                                                                                                                               00        
0330002300045J00039991550900000356611762788370604540575219001TRELLEBORG AUTOMOTIVE DO BRASI0611201200000000003566100000000000000000000000000000006112012000000000035661000000000000000502                 900000794           09      00        
0330002300046Z70976E1E2719EF8C2E156C3                                         PGTFORNB06112012900000794                                                                                                                               00        
0330002300047J00039993550900000280271762788371404540575219001TRELLEBORG AUTOMOTIVE DO BRASI0611201200000000002802700000000000000000000000000000006112012000000000028027000000000000000503                 900000795           09      00        
0330002300048Z70976E120E1BCA0F3C90BB4                                         PGTFORNB06112012900000795                                                                                                                               00        
0330002300049J00039992550900000469501762788360904540575219001TRELLEBORG AUTOMOTIVE DO BRASI0611201200000000004695000000000000000000000000000000006112012000000000046950000000000000000504                 900000796           09      00        
0330002300050Z70976E151A0BEE908CC0BFB                                         PGTFORNB06112012900000796                                                                                                                               00        
0330002300051J00000196550900000372050441770935733620000200231BAP AUTOMOTIVA LTDA           0611201200000000003720500000000000000000000000000000006112012000000000037205000000000000000505                 900000797           09      00        
0330002300052Z70976E1DCEE540B9FDE11BF                                         PGTFORNB06112012900000797                                                                                                                               00        
0330002300053J00000191550900000106660441798934326590000460931FREIOS CONTROIL LTDA          0611201200000000001066600000000000000000000000000000006112012000000000010666000000000000000506                 900000798           09      00        
0330002300054Z70976E1F6A982D5D2FC9876                                         PGTFORNB06112012900000798                                                                                                                               00        
0330002300055J00000196550900017084960441798937226590000460931FREIOS CONTROIL LTDA          0611201200000000170849600000000000000000000000000000006112012000000001708496000000000000000507                 900000799           09      00        
0330002300056Z70976E12F1F619108AA7419                                         PGTFORNB06112012900000799                                                                                                                               00        
0330002300057J00000191550900001390001156990484403540001664117IND. GRAFICA FM LTDA ME       0611201200000000013900000000000000000000000000000000006112012000000000139000000000000000000508                 900000800           09      00        
0330002300058Z70976E1C22B59826456D02E                                         PGTFORNB06112012900000800                                                                                                                               00        
0330002300059J00000198550900000078000000001555704202000102517VIRTUAL EXPRESS TRANSPORTES E 0611201200000000000780000000000000000000000000000000006112012000000000007800000000000000000509                 900000801           09      00        
0330002300060Z70976E11855FC7997F2EAD8                                         PGTFORNB06112012900000801                                                                                                                               00        
0330002300061J00000196550900000292700441355412133440000206131POLI FILTRO IND E COMERCIO LTD0611201200000000002927000000000000000000000000000000006112012000000000029270000000000000000476                 900000768           09      00        
0330002300062Z70976E175AB00A1E42F1D23                                         PGTFORNB06112012900000768                                                                                                                               00        
0330002300063J00004191550900006696872118022997501000053904153MAZI AUTOMOTIVA LTDA          0611201200000000066968700000000000000000000000000000006112012000000000669687000000000000000477                 900000769           09      00        
0330002300064Z70976E1DA844DB14134A6AF                                         PGTFORNB06112012900000769                                                                                                                               00        
03300025         000066000000000006271105000000000000000000311106                                                                                                                                                                               
03399999         000002000074000000                                                                                                                                                                                                             
