03300000         2054375370001370033006500490028050300065 0000480000414 AUTO GERAL DE ITU LTDA        SANTANDER                               20512201202404100008306000000                                                                     
03300011C2030030 2054375370001370033006500490028050300065 0000480000414 AUTO GERAL DE ITU LTDA                                                                              00000                                   00000000                    
0330001300001J00003398553800000275219472544100000001082430104CINPAL CIA IND DE PECAS P/ AUT05122012000000000027521000000000000000000000000000000051220120000000000275210000000000000001438                900001719           09      00        
0330001300002Z70976E12F806107F67BE20D                                         PGTFORNB05122012900001719                                                                                                                               00        
0330001300003J00003391553800000270009421259200000000387680101GUMP MOTORS COMPONENTES AUTOM 05122012000000000027000000000000000000000000000000000051220120000000000270000000000000000001452                900001720           09      00        
0330001300004Z70976E1789F666E8A542AF6                                         PGTFORNB05122012900001720                                                                                                                               00        
0330001300005J00003396553800001059649482285400000091799500203JOFUND S/A                    05122012000000000105964000000000000000000000000000000051220120000000001059640000000000000001453                900001721           09      00        
0330001300006Z70976E15E1E0EFA1DAE6CF9                                         PGTFORNB05122012900001721                                                                                                                               00        
0330001300007J00003392553800006641909482285400000091799840203JOFUND S/A                    05122012000000000664190000000000000000000000000000000051220120000000006641900000000000000001454                900001722           09      00        
0330001300008Z70976E1FB6B3815D799F8A6                                         PGTFORNB05122012900001722                                                                                                                               00        
0330001300009J00003392553800005131009141963300000007083720201VALERIA DAVANSO AGUADO        05122012000000000513100000000000000000000000000000000051220120000000005131000000000000000001462                900001723           09      00        
0330001300010Z70976E187E4CC81058EC0B1                                         PGTFORNB05122012900001723                                                                                                                               00        
0330001300011J00035693553800000612200689070323420000004891926DISTRIBUIDORA AUTOMOTIVA S.A  05122012000000000061220000000000000000000000000000000051220120000000000612200000000000000001443                900001738           09      00        
0330001300012Z70976E1C38805BE2595EE24                                         PGTFORNB05122012900001738                                                                                                                               00        
0330001300013J00035696553800000171610689070323420000005557120DISTRIBUIDORA AUTOMOTIVA S.A  05122012000000000017161000000000000000000000000000000051220120000000000171610000000000000001444                900001739           09      00        
0330001300014Z70976E148F0E59ADBE5D6A6                                         PGTFORNB05122012900001739                                                                                                                               00        
0330001300015J00035691553800000122220689070323400000005557239DISTRIBUIDORA AUTOMOTIVA S.A  05122012000000000012222000000000000000000000000000000051220120000000000122220000000000000001445                900001740           09      00        
0330001300016Z70976E1CC11D3B301FC5B9C                                         PGTFORNB05122012900001740                                                                                                                               00        
0330001300017J00035695553800000611900689070323440000004891825DISTRIBUIDORA AUTOMOTIVA S.A  05122012000000000061190000000000000000000000000000000051220120000000000611900000000000000001446                900001741           09      00        
0330001300018Z70976E1F0A341D00D532B3A                                         PGTFORNB05122012900001741                                                                                                                               00        
03300015         000020000000000001489568000000000000000000301205                                                                                                                                                                               
03300021C2031030 2054375370001370033006500490028050300065 0000480000414 AUTO GERAL DE ITU LTDA                                                                              00000                                   00000000                    
0330002300001J00023798553800000290500138092305000001801370000BBL SISTEMAS OPERACIONAIS LTDA05122012000000000029050000000000000000000000000000000051220120000000000290500000000000000001447                900001742           09      00        
0330002300002Z70976E1352EBAAA1744802A                                         PGTFORNB05122012900001742                                                                                                                               00        
0330002300003J00023791553800001094590260192306000001700075810CESTARI INDL E COMERCIAL SA   05122012000000000109459000000000000000000000000000000051220120000000001094590000000000000001437                900001733           09      00        
0330002300004Z70976E197CB969C21E4B36E                                         PGTFORNB05122012900001733                                                                                                                               00        
0330002300005J00023799553800004117233396092325000000200008270CINPAL CIA IND DE PECAS P/ AUT05122012000000000411723000000000000000000000000000000051220120000000004117230000000000000001439                900001734           09      00        
0330002300006Z70976E1B87174EC994BDFC1                                         PGTFORNB05122012900001734                                                                                                                               00        
0330002300007J00023791553800000431763396092325000000600008270CINPAL CIA IND DE PECAS P/ AUT05122012000000000043176000000000000000000000000000000051220120000000000431760000000000000001440                900001735           09      00        
0330002300008Z70976E12EDC9310C664AB62                                         PGTFORNB05122012900001735                                                                                                                               00        
0330002300009J00023792553800000229032002061201376560100829680COMERCIAL AUTOMOTIVA S.A      05122012000000000022903000000000000000000000000000000051220120000000000229030000000000000001441                900001736           09      00        
0330002300010Z70976E1DEC9124416A537CF                                         PGTFORNB05122012900001736                                                                                                                               00        
0330002300011J00023791553800000092003398190000022172601324600DIBRACAM COMERCIAL LTDA       05122012000000000009200000000000000000000000000000000051220120000000000092000000000000000001442                900001737           09      00        
0330002300012Z70976E1CAE99603E760BBE2                                         PGTFORNB05122012900001737                                                                                                                               00        
0330002300013J00034191553800002547331126050205130295745780000FREIOS CONTROIL LTDA          05122012000000000254733000000000000000000000000000000051220120000000002547330000000000000001448                900001743           09      00        
0330002300014Z70976E1FE7F09921F3CD83E                                         PGTFORNB05122012900001743                                                                                                                               00        
0330002300015J00034198553800000295421090001885450137627725000ALENAN COML DE PECAS E ACS LTD05122012000000000029542000000000000000000000000000000051220120000000000295420000000000000001428                900001724           09      00        
0330002300016Z70976E1E3DB96D9E8202662                                         PGTFORNB05122012900001724                                                                                                                               00        
0330002300017J00034196553800000832551561625050678329223245000ALUPAR INDUSTRIA C A M L EPP  05122012000000000083255000000000000000000000000000000051220120000000000832550000000000000001429                900001725           09      00        
0330002300018Z70976E119A9A07E55A2E88D                                         PGTFORNB05122012900001725                                                                                                                               00        
0330002300019J00023791553800000469023392022317000004801078260MF CAMBUCI DISTR DE AUTOPECAS 05122012000000000046902000000000000000000000000000000051220120000000000469020000000000000001430                900001726           09      00        
0330002300020Z70976E1ADA513D67669DA4F                                         PGTFORNB05122012900001726                                                                                                                               00        
0330002300021J00034199553800002744451090002898060278840913000CAPITAL EMBALAGENS DESCAT LTDA05122012000000000274445000000000000000000000000000000051220120000000002744450000000000000001431                900001727           09      00        
0330002300022Z70976E1554A3C10C13C543B                                         PGTFORNB05122012900001727                                                                                                                               00        
0330002300023J00039998553800000981521763970994904061860231001CAR CENTRAL DE AUTOPECAS E ROL05122012000000000098152000000000000000000000000000000051220120000000000981520000000000000001432                900001728           09      00        
0330002300024Z70976E1FD7EF0D2E56C0329                                         PGTFORNB05122012900001728                                                                                                                               00        
0330002300025J00039994553800001250401763970997304061860231001CAR CENTRAL DE AUTOPECAS E ROL05122012000000000125040000000000000000000000000000000051220120000000001250400000000000000001433                900001729           09      00        
0330002300026Z70976E15F7CF1AFF110F82B                                         PGTFORNB05122012900001729                                                                                                                               00        
0330002300027J00034191553800000034501125743972560076000777000CENTER PECAS FABBRI LTDA      05122012000000000003450000000000000000000000000000000051220120000000000034500000000000000001434                900001730           09      00        
0330002300028Z70976E112327AEF8B455475                                         PGTFORNB05122012900001730                                                                                                                               00        
0330002300029J00034191553800000160501125842762010076000777000CENTER PECAS FABBRI LTDA      05122012000000000016050000000000000000000000000000000051220120000000000160500000000000000001435                900001731           09      00        
0330002300030Z70976E1D9EA940FD99E9ACC                                         PGTFORNB05122012900001731                                                                                                                               00        
0330002300031J00034193553800013707881126050217010295745780000FREIOS CONTROIL LTDA          05122012000000001370788000000000000000000000000000000051220120000000013707880000000000000001449                900001744           09      00        
0330002300032Z70976E10444F71527746E4F                                         PGTFORNB05122012900001744                                                                                                                               00        
0330002300033J00034191553800000132001090304092890109276204000GIRANDO COMERCIO DE PECAS LTDA05122012000000000013200000000000000000000000000000000051220120000000000132000000000000000001450                900001745           09      00        
0330002300034Z70976E138E98E7825F98594                                         PGTFORNB05122012900001745                                                                                                                               00        
0330002300035J00034193553800000420651090304098260109276204000GIRANDO COMERCIO DE PECAS LTDA05122012000000000042065000000000000000000000000000000051220120000000000420650000000000000001451                900001746           09      00        
0330002300036Z70976E15696AA01D45355B8                                         PGTFORNB05122012900001746                                                                                                                               00        
0330002300037J00034199553800000427601126069662682395022557000KOGA KOGA CIA LTDA            05122012000000000042760000000000000000000000000000000051220120000000000427600000000000000001455                900001747           09      00        
0330002300038Z70976E1E5D22B3BC5F5A715                                         PGTFORNB05122012900001747                                                                                                                               00        
0330002300039J00023791553800001744661911092311000001500178030LNG IMP EXP DE AUTOPECAS LTDA 05122012000000000174466000000000000000000000000000000051220120000000001744660000000000000001456                900001748           09      00        
0330002300040Z70976E1542854A739A794E6                                         PGTFORNB05122012900001748                                                                                                                               00        
0330002300041J00010491553800000940043164659900100040000004019MD CAR COM DE PRODUTOS AUTOMOT05122012000000000094004000000000000000000000000000000051220120000000000940040000000000000001457                900001749           09      00        
0330002300042Z70976E12A00D7BAF439A57D                                         PGTFORNB05122012900001749                                                                                                                               00        
0330002300043J00023797553800000587243394090000009383200324600MORELAT DISTRIBUIDORA DE AUTO 05122012000000000058724000000000000000000000000000000051220120000000000587240000000000000001458                900001750           09      00        
0330002300044Z70976E173EB668938FE556C                                         PGTFORNB05122012900001750                                                                                                                               00        
0330002300045J00023799553800000230013484092293000013201129000PETRONAS LUBRIFICANTES BRASIL 05122012000000000023001000000000000000000000000000000051220120000000000230010000000000000001459                900001751           09      00        
0330002300046Z70976E1FB08BED8791ADF08                                         PGTFORNB05122012900001751                                                                                                                               00        
0330002300047J00023799553800004321793372091000006222600595500VALECRED SOLUCOES FINANCEIRAS 05122012000000000432179000000000000000000000000000000051220120000000004321790000000000000001460                900001752           09      00        
0330002300048Z70976E1997407E1DBBEC1E8                                         PGTFORNB05122012900001752                                                                                                                               00        
0330002300049J00039991553800001390322053175227005313093513001REAL MOTO PECAS LTDA          05122012000000000139032000000000000000000000000000000051220120000000001390320000000000000001461                900001753           09      00        
0330002300050Z70976E158D5D92491ACDB5E                                         PGTFORNB05122012900001753                                                                                                                               00        
0330002300051J00034191553800000100001090002046590041791401000GIBIM SEGURANCA ELETRONICA LTD05122012000000000010000000000000000000000000000000000051220120000000000100000000000000000001463                900001754           09      00        
0330002300052Z70976E1BBDF98BEEECC53CD                                         PGTFORNB05122012900001754                                                                                                                               00        
0330002300053J00000198553900000038700000001555704202000113517VIRTUAL EXPRESS TRANSP E LOGIS06122012000000000003870000000000000000000000000000000051220120000000000038700000000000000001464                900001755           09      00        
0330002300054Z70976E1053F34FA673124DE                                         PGTFORNB05122012900001755                                                                                                                               00        
0330002300055J00034193553800001576001570312032310513988758000INST DE PESQUISA SOROCABANO   05122012000000000157600000000000000000000000000000000051220120000000001576000000000000000001465                900001756           09      00        
0330002300056Z70976E13BBDBDEB3829BE53                                         PGTFORNB05122012900001756                                                                                                                               00        
0330002300057J00023796553800000525060260192306000000900075810CESTARI INDL E COMERCIAL SA   05122012000000000052506000000000000000000000000000000051220120000000000525060000000000000001436                900001732           09      00        
0330002300058Z70976E1F36B594B2388BCB6                                         PGTFORNB05122012900001732                                                                                                                               00        
03300025         000060000000000004171275000000000000000000311205                                                                                                                                                                               
03399999         000002000082000000                                                                                                                                                                                                             
