03300000         2054375370001370033006500490028050300065 0000480000414 AUTO GERAL DE ITU LTDA        SANTANDER                               20401201302205300013706000000                                                                     
03300011C2030030 2054375370001370033006500490028050300065 0000480000414 AUTO GERAL DE ITU LTDA                                                                              00000                                   00000000                    
0330001300001J00003396556800000469219513931700000103700800101DISTRIBUIDORA AUTOMOTIVA S/A  04012013000000000046921000000000000000000000000000000040120130000000000469210000000000000002585                900002859           09      00        
0330001300002Z70976E1E28AD001E8100907                                         PGTFORNB04012013900002859                                                                                                                               00        
0330001300003J00003393556800001357399421259200000000418660101GUMP MOTORS COMPONENTES AUTOMO04012013000000000135739000000000000000000000000000000040120130000000001357390000000000000002594                900002860           09      00        
0330001300004Z70976E18AD0AFEEB601BFB2                                         PGTFORNB04012013900002860                                                                                                                               00        
0330001300005J00003398556800000417609512606100000031798260101SERRAF DISTR DE PECAS PARA MOT04012013000000000041760000000000000000000000000000000040120130000000000417600000000000000002614                900002861           09      00        
0330001300006Z70976E11E3C281A221FAB8D                                         PGTFORNB04012013900002861                                                                                                                               00        
0330001300007J00035696556800000260480689070323420000004896776DISTRIBUIDORA AUTOMOTIVA S/A  04012013000000000026048000000000000000000000000000000040120130000000000260480000000000000002586                900002872           09      00        
0330001300008Z70976E16DE88310687B2032                                         PGTFORNB04012013900002872                                                                                                                               00        
0330001300009J00035693556800000168830689070323410000004896744DISTRIBUIDORA AUTOMOTIVA S/A  04012013000000000016883000000000000000000000000000000040120130000000000168830000000000000002587                900002873           09      00        
0330001300010Z70976E1CCF7F52CA9B57C97                                         PGTFORNB04012013900002873                                                                                                                               00        
03300015         000012000000000000267351000000000000000000300104                                                                                                                                                                               
03300021C2031030 2054375370001370033006500490028050300065 0000480000414 AUTO GERAL DE ITU LTDA                                                                              00000                                   00000000                    
0330002300001J00023791556800000261870138092328000003201453000OBB CONSULTORIA E PARTICIPACOE04012013000000000026187000000000000000000000000000000040120130000000000261870000000000000002588                900002874           09      00        
0330002300002Z70976E156A66FAACDEEBE9E                                         PGTFORNB04012013900002874                                                                                                                               00        
0330002300003J00023791556800000075603371090000833829500719500AVEBRAZ COMERCIO DE VEICULOS E04012013000000000007560000000000000000000000000000000040120130000000000075600000000000000002575                900002862           09      00        
0330002300004Z70976E1816B2D35FAFB6CC7                                         PGTFORNB04012013900002862                                                                                                                               00        
0330002300005J00034194556800000327581125779387002938000052000EATON LTDA                    04012013000000000032758000000000000000000000000000000040120130000000000327580000000000000002590                900002876           09      00        
0330002300006Z70976E1AD9B24C178A37700                                         PGTFORNB04012013900002876                                                                                                                               00        
0330002300007J00034197556800000157111126689657522938000052000EATON LTDA                    04012013000000000015711000000000000000000000000000000040120130000000000157110000000000000002591                900002877           09      00        
0330002300008Z70976E1189C992346F8801B                                         PGTFORNB04012013900002877                                                                                                                               00        
0330002300009J00034196556800002057531126905308712938017569000FRAS-LE S/A                   04012013000000000205753000000000000000000000000000000040120130000000002057530000000000000002592                900002878           09      00        
0330002300010Z70976E11EF2D1B76E82880D                                         PGTFORNB04012013900002878                                                                                                                               00        
0330002300011J00034198556800003943831090304286440109276204000GIRANDO COMERCIO DE PECAS LTDA04012013000000000394383000000000000000000000000000000040120130000000003943830000000000000002593                900002879           09      00        
0330002300012Z70976E155A092F7E5C53439                                         PGTFORNB04012013900002879                                                                                                                               00        
0330002300013J00023792556800000605803180091323401363000158190GUPE DISTR DE AUTOPECAS LTDA  04012013000000000060580000000000000000000000000000000040120130000000000605800000000000000002595                900002880           09      00        
0330002300014Z70976E16A7C9362020B07C7                                         PGTFORNB04012013900002880                                                                                                                               00        
0330002300015J00023799556800001950050284091321210552200742060INDUSTRIAS DEL RECAMBIO DO BRA04012013000000000195005000000000000000000000000000000040120130000000001950050000000000000002596                900002881           09      00        
0330002300016Z70976E1E17AD4174BAC57FB                                         PGTFORNB04012013900002881                                                                                                                               00        
0330002300017J00023792556800000305320284091321210552400742060INDUSTRIAS DEL RECAMBIO DO BRA04012013000000000030532000000000000000000000000000000040120130000000000305320000000000000002597                900002882           09      00        
0330002300018Z70976E10F990582FBEDB9E7                                         PGTFORNB04012013900002882                                                                                                                               00        
0330002300019J00023795556800001040920284091321210552300742060INDUSTRIAS DEL RECAMBIO DO BRA04012013000000000104092000000000000000000000000000000040120130000000001040920000000000000002598                900002883           09      00        
0330002300020Z70976E14375E42FC3CB4151                                         PGTFORNB04012013900002883                                                                                                                               00        
0330002300021J00023798556800001427421911092311000001600178030LNG IMP EXP DE AUTOPECAS LTDA 04012013000000000142742000000000000000000000000000000040120130000000001427420000000000000002599                900002884           09      00        
0330002300022Z70976E1A00255580589EA6F                                         PGTFORNB04012013900002884                                                                                                                               00        
0330002300023J00023799556800000090803372094000204506500400020MAGGI LE NOM AUTOMOTORES LTDA 04012013000000000009080000000000000000000000000000000040120130000000000090800000000000000002600                900002885           09      00        
0330002300024Z70976E1264C3051FC1B9762                                         PGTFORNB04012013900002885                                                                                                                               00        
0330002300025J00034199556800001750881126583557330018418673000MARTIN C C DIST AUTO PEC LTDA 04012013000000000175088000000000000000000000000000000040120130000000001750880000000000000002601                900002886           09      00        
0330002300026Z70976E1DD3515F921C5570E                                         PGTFORNB04012013900002886                                                                                                                               00        
0330002300027J00034196556800003185131816112261750452910011000ONIN DISTR DE AUTOPECAS LTDA  04012013000000000318513000000000000000000000000000000040120130000000003185130000000000000002602                900002887           09      00        
0330002300028Z70976E1EC9161B43E98DED3                                         PGTFORNB04012013900002887                                                                                                                               00        
0330002300029J00023798556800000359020151091323560035501251750PECA MAIS COMERCIO DE AUTO PEC04012013000000000035902000000000000000000000000000000040120130000000000359020000000000000002603                900002888           09      00        
0330002300030Z70976E1B4BF4FEBBF8B2B4C                                         PGTFORNB04012013900002888                                                                                                                               00        
0330002300031J00039991556800000246818144667446304540096965001PELLEGRINO DISTRIBUIDORA DE AU04012013000000000024681000000000000000000000000000000040120130000000000246810000000000000002604                900002889           09      00        
0330002300032Z70976E13DF9C2F4AFE4B3F1                                         PGTFORNB04012013900002889                                                                                                                               00        
0330002300033J00039995556800000575808144667440404540096965001PELLEGRINO DISTRIBUIDORA DE AU04012013000000000057580000000000000000000000000000000040120130000000000575800000000000000002605                900002890           09      00        
0330002300034Z70976E18C957A11C61C4C78                                         PGTFORNB04012013900002890                                                                                                                               00        
0330002300035J00000192556800000850680000001597457122148168917PETROBRAS DISTRIBUIDORA       04012013000000000085068000000000000000000000000000000040120130000000000850680000000000000002606                900002891           09      00        
0330002300036Z70976E1F0070DE47F3013A9                                         PGTFORNB04012013900002891                                                                                                                               00        
0330002300037J00000197556800000967250000001597457122148169917PETROBRAS DISTRIBUIDORA       04012013000000000096725000000000000000000000000000000040120130000000000967250000000000000002607                900002892           09      00        
0330002300038Z70976E119F41FA8C8B277AF                                         PGTFORNB04012013900002892                                                                                                                               00        
0330002300039J00000196556800001343430442876992333200000052731RAYTON INDUSTRIAL SA          04012013000000000134343000000000000000000000000000000040120130000000001343430000000000000002608                900002893           09      00        
0330002300040Z70976E1F9AF8114BB1B726C                                         PGTFORNB04012013900002893                                                                                                                               00        
0330002300041J00023798556800003141423372092339000045005187730RCD COMERCIO  E INDUSTRIA LTDA04012013000000000314142000000000000000000000000000000040120130000000003141420000000000000002609                900002894           09      00        
0330002300042Z70976E15618E1AF3B26D0A5                                         PGTFORNB04012013900002894                                                                                                                               00        
0330002300043J00039991556800001518602315344381505313093513001REAL MOTO PECAS LTDA          04012013000000000151860000000000000000000000000000000040120130000000001518600000000000000002610                900002895           09      00        
0330002300044Z70976E10ED65E3CC3A61821                                         PGTFORNB04012013900002895                                                                                                                               00        
0330002300045J00034191556800000200581125779387752938000052000EATON LTDA                    04012013000000000020058000000000000000000000000000000040120130000000000200580000000000000002589                900002875           09      00        
0330002300046Z70976E1C6C99D141A0EFDA3                                         PGTFORNB04012013900002875                                                                                                                               00        
0330002300047J00039994556800010852472315343501405313093513001REAL MOTO PECAS LTDA          04012013000000001085247000000000000000000000000000000040120130000000010852470000000000000002611                900002896           09      00        
0330002300048Z70976E1555EC6B8AA0E2D83                                         PGTFORNB04012013900002896                                                                                                                               00        
0330002300049J00039995556800000899942315331886705313093513001REAL MOTO PECAS LTDA          04012013000000000089994000000000000000000000000000000040120130000000000899940000000000000002612                900002897           09      00        
0330002300050Z70976E1D3568304B517CAD7                                         PGTFORNB04012013900002897                                                                                                                               00        
0330002300051J00023795556800000134002857091323400706600000320RIO PARDO COMERCIAL E DISTRIBU04012013000000000013400000000000000000000000000000000040120130000000000134000000000000000002613                900002898           09      00        
0330002300052Z70976E1FD1381ACD7920963                                         PGTFORNB04012013900002898                                                                                                                               00        
0330002300053J00000191556800000504040000002175416000003002217SK AUTOMOTIVE S/A DISTR AUTOPE04012013000000000050404000000000000000000000000000000040120130000000000504040000000000000002615                900002899           09      00        
0330002300054Z70976E17FDDC77F675FB598                                         PGTFORNB04012013900002899                                                                                                                               00        
0330002300055J00000195556800000930630442891154034200002431331ZM S/A                        04012013000000000093063000000000000000000000000000000040120130000000000930630000000000000002616                900002900           09      00        
0330002300056Z70976E1BB6B675CEC9BA610                                         PGTFORNB04012013900002900                                                                                                                               00        
0330002300057J00034191556800001060501090000009670278683974000CRISTIANE R A FERNANDES ME    04012013000000000106050000000000000000000000000000000040120130000000001060500000000000000002617                900002901           09      00        
0330002300058Z70976E10CF99F18EB24D7A5                                         PGTFORNB04012013900002901                                                                                                                               00        
0330002300059J00023791556800000462002709091323420000700357460E. C. F MANOEL - EPP          04012013000000000046200000000000000000000000000000000040120130000000000462000000000000000002618                900002902           09      00        
0330002300060Z70976E1A5EF635A2A32A60D                                         PGTFORNB04012013900002902                                                                                                                               00        
0330002300061J00039997556800000377161765527902404061860231001CAR CENTRAL DE AUTOPECAS E ROL04012013000000000037716000000000000000000000000000000040120130000000000377160000000000000002576                900002863           09      00        
0330002300062Z70976E1A59BAD9D1269678F                                         PGTFORNB04012013900002863                                                                                                                               00        
0330002300063J00034199556800000018301126648869520076000777000CENTER PECAS FABBRI LTDA      04012013000000000001830000000000000000000000000000000040120130000000000018300000000000000002577                900002864           09      00        
0330002300064Z70976E140DF58214A231761                                         PGTFORNB04012013900002864                                                                                                                               00        
0330002300065J00034193556800000025001126648869110076000777000CENTER PECAS FABBRI LTDA      04012013000000000002500000000000000000000000000000000040120130000000000025000000000000000002578                900002865           09      00        
0330002300066Z70976E17ECA881FD70CC430                                         PGTFORNB04012013900002865                                                                                                                               00        
0330002300067J00034191556800000398001126648869370076000777000CENTER PECAS FABBRI LTDA      04012013000000000039800000000000000000000000000000000040120130000000000398000000000000000002579                900002866           09      00        
0330002300068Z70976E1E6BA2128A6BA2AA8                                         PGTFORNB04012013900002866                                                                                                                               00        
0330002300069J00034193556800000190001126648869290076000777000CENTER PECAS FABBRI LTDA      04012013000000000019000000000000000000000000000000000040120130000000000190000000000000000002580                900002867           09      00        
0330002300070Z70976E156B67E6A610C7BE2                                         PGTFORNB04012013900002867                                                                                                                               00        
0330002300071J00039997556800000352531766106711002680075859001COBRA ROLAMENTOS E AUTO PECAS 04012013000000000035253000000000000000000000000000000040120130000000000352530000000000000002581                900002868           09      00        
0330002300072Z70976E1498CD22814C0ACA4                                         PGTFORNB04012013900002868                                                                                                                               00        
0330002300073J00023791556800000230823262090000030444900935470COMDIP COMERCIAL DISTR DE PECA04012013000000000023082000000000000000000000000000000040120130000000000230820000000000000002582                900002869           09      00        
0330002300074Z70976E1F4B7E10F08D682C7                                         PGTFORNB04012013900002869                                                                                                                               00        
0330002300075J00023798556800000688032002061201387765100829680COMERCIAL AUTOMOTIVA S.A.     04012013000000000068803000000000000000000000000000000040120130000000000688030000000000000002583                900002870           09      00        
0330002300076Z70976E199C84014D6E0B48E                                         PGTFORNB04012013900002870                                                                                                                               00        
0330002300077J00034191556800000886981571038231964522114471000COML NV MILLENNIUN A P LTDA EP04012013000000000088698000000000004434000000000000000040120130000000000842640000000000000002584                900002871           09      00        
0330002300078Z70976E188CA5AAB214D5EC2                                         PGTFORNB04012013900002871                                                                                                                               00        
03300025         000080000000000004434949000000000000000000310104                                                                                                                                                                               
03399999         000002000094000000                                                                                                                                                                                                             
