03300000         2054375370001370033006500490028050300065 0000480000414 AUTO GERAL DE ITU LTDA        SANTANDER                               22911201202300300006806000000                                                                     
03300011C2030030 2054375370001370033006500490028050300065 0000480000414 AUTO GERAL DE ITU LTDA                                                                              00000                                   00000000                    
0330001300001J00003397553200000346249364041800000001287160104BIAGIO DELL AGLI E CIA LTDA   29112012000000000034624000000000000000000000000000000291120120000000000346240000000000000001270                900001531           09      00        
0330001300002Z70976E1ACB9A3C74D32FD6F                                         PGTFORNB29112012900001531                                                                                                                               00        
03300015         000004000000000000034624000000000000000000301129                                                                                                                                                                               
03300021C2031030 2054375370001370033006500490028050300065 0000480000414 AUTO GERAL DE ITU LTDA                                                                              00000                                   00000000                    
0330002300001J00023791553200000090002863190000002393100000420ASP EXTINTORES LTDA EPP       29112012000000000009000000000000000000000000000000000291120120000000000090000000000000000001241                900001532           09      00        
0330002300002Z70976E10B35FAC6CF76EF13                                         PGTFORNB29112012900001532                                                                                                                               00        
0330002300003J00023798553200000653343114091293598240001763000BANCO FIBRA SA                29112012000000000065334000000000000000000000000000000291120120000000000653340000000000000001243                900001534           09      00        
0330002300004Z70976E17ADB620BE4796734                                         PGTFORNB29112012900001534                                                                                                                               00        
0330002300005J00023799553200000380373381090000008890201801540BRASILWAGEN COM VEICULOS SA   29112012000000000038037000000000000000000000000000000291120120000000000380370000000000000001244                900001535           09      00        
0330002300006Z70976E156EC9BE3D1E25195                                         PGTFORNB29112012900001535                                                                                                                               00        
0330002300007J00034199553200000385001561593311104518080884000CAMPOS SALLES C LTDA EPP      29112012000000000038500000000000000000000000000000000291120120000000000385000000000000000001245                900001536           09      00        
0330002300008Z70976E1B162F09E045B4E1C                                         PGTFORNB29112012900001536                                                                                                                               00        
0330002300009J00023798553200000481553262090000030075800935470COMDIP COMERCIAL DISTR DE PECA29112012000000000048155000000000000000000000000000000291120120000000000481550000000000000001252                900001543           09      00        
0330002300010Z70976E135F1240414F2F9C6                                         PGTFORNB29112012900001543                                                                                                                               00        
0330002300011J00000191553200003350051610087127714830000770017DIAS  DIAS DISTR DE PECAS LTDA29112012000000000335005000000000000000000000000000000291120120000000003350050000000000000001253                900001544           09      00        
0330002300012Z70976E18FCE583AFA38459C                                         PGTFORNB29112012900001544                                                                                                                               00        
0330002300013J00039996553200000596731763507895204061860231001CAR CENTRAL DE AUTOPECAS E ROL29112012000000000059673000000000000000000000000000000291120120000000000596730000000000000001246                900001537           09      00        
0330002300014Z70976E1B7A46C9336C9CAF5                                         PGTFORNB29112012900001537                                                                                                                               00        
0330002300015J00039995553200000829701763506482004061860231001CAR CENTRAL DE AUTOPECAS E ROL29112012000000000082970000000000000000000000000000000291120120000000000829700000000000000001247                900001538           09      00        
0330002300016Z70976E1E5FC25BD75EF4A73                                         PGTFORNB29112012900001538                                                                                                                               00        
0330002300017J00034196553200000311391123618681392938000052000EATON  LTDA                   29112012000000000031139000000000000000000000000000000291120120000000000311390000000000000001254                900001545           09      00        
0330002300018Z70976E1A6A67052F496FE5B                                         PGTFORNB29112012900001545                                                                                                                               00        
0330002300019J00034193553200000080281124678859202938000052000EATON  LTDA                   29112012000000000008028000000000000000000000000000000291120120000000000080280000000000000001255                900001546           09      00        
0330002300020Z70976E171A244FEA8E5098D                                         PGTFORNB29112012900001546                                                                                                                               00        
0330002300021J00034191553200000640001561599979820069177186000FRANCIULLI COM PECAS LTDA EPP 29112012000000000064000000000000000000000000000000000291120120000000000640000000000000000001256                900001547           09      00        
0330002300022Z70976E17A2EE8D961B6ADAA                                         PGTFORNB29112012900001547                                                                                                                               00        
0330002300023J00034197553200001086291125665178792938017569000FRAS LE S/A                   29112012000000000108629000000000000000000000000000000291120120000000001086290000000000000001257                900001548           09      00        
0330002300024Z70976E1F8F9B838D45F0E4F                                         PGTFORNB29112012900001548                                                                                                                               00        
0330002300025J00034191553200003611141125927278980295821649000FREIOS CONTROIL LTDA          29112012000000000361114000000000000000000000000000000291120120000000003611140000000000000001258                900001549           09      00        
0330002300026Z70976E12A1CF4B14F1F3B56                                         PGTFORNB29112012900001549                                                                                                                               00        
0330002300027J00023798553200000735570284281321210546500742060INDUSTRIAS DEL RECAMBIO DO BRA29112012000000000073557000000000000000000000000000000291120120000000000735570000000000000001259                900001550           09      00        
0330002300028Z70976E134336E90E16C7726                                         PGTFORNB29112012900001550                                                                                                                               00        
0330002300029J00023795553200000976802199090000011430900203330JBI COMERCIAL DE PLASTICOS REF29112012000000000097680000000000000000000000000000000291120120000000000976800000000000000001260                900001551           09      00        
0330002300030Z70976E1398A77C9A348EDB1                                         PGTFORNB29112012900001551                                                                                                                               00        
0330002300031J00039991553200000429161764103947004540096965001PELLEGRINO DIST DE AUTOPECAS L29112012000000000042916000000000000000000000000000000291120120000000000429160000000000000001261                900001552           09      00        
0330002300032Z70976E198E687D8C511D6B3                                         PGTFORNB29112012900001552                                                                                                                               00        
0330002300033J00023798553200000338123395061180232817300028140ROCHESTER DISTR DE AUTOPECAS S29112012000000000033812000000000000000000000000000000291120120000000000338120000000000000001262                900001553           09      00        
0330002300034Z70976E1D05EB289FA0B353F                                         PGTFORNB29112012900001553                                                                                                                               00        
0330002300035J00023798553200003267473395061180232816900028140ROCHESTER DISTR DE AUTOPECAS S29112012000000000326747000000000000000000000000000000291120120000000003267470000000000000001263                900001554           09      00        
0330002300036Z70976E1AC61FD6FC46A026B                                         PGTFORNB29112012900001554                                                                                                                               00        
0330002300037J00000192553200001475060000001244482993005107217RPT DISTR DE AUTO PCS         29112012000000000147506000000000000000000000000000000291120120000000001475060000000000000001264                900001555           09      00        
0330002300038Z70976E1B554926D340E90CD                                         PGTFORNB29112012900001555                                                                                                                               00        
0330002300039J00034191553200021080001090030824340191130004000SO MARCAS COMERCIAL LTDA      29112012000000002108000000000000000000000000000000000291120120000000021080000000000000000001265                900001556           09      00        
0330002300040Z70976E17B609F69B90724C6                                         PGTFORNB29112012900001556                                                                                                                               00        
0330002300041J00023799553200000372050545090000030362000705060TONINI DISTRIBUIDORA LTDA     29112012000000000037205000000000000000000000000000000291120120000000000372050000000000000001266                900001557           09      00        
0330002300042Z70976E1BB003B75A8C96609                                         PGTFORNB29112012900001557                                                                                                                               00        
0330002300043J00023798553200001808553178300000005037800421060TUPER DISTRIB. PROD. METALURGI29112012000000000180855000000000000000000000000000000291120120000000001808550000000000000001267                900001558           09      00        
0330002300044Z70976E1983742C76AA25085                                         PGTFORNB29112012900001558                                                                                                                               00        
0330002300045J00023794553200000465002863190000017624100000420ASP EXTINTORES LTDA EPP       29112012000000000046500000000000000000000000000000000291120120000000000465000000000000000001268                900001559           09      00        
0330002300046Z70976E1676BF3CDCC0C9F03                                         PGTFORNB29112012900001559                                                                                                                               00        
0330002300047J00034196553200000022201125515964900076000777000CENTER PECAS FABBRI LTDA      29112012000000000002220000000000000000000000000000000291120120000000000022200000000000000001248                900001539           09      00        
0330002300048Z70976E1EA6BCFEAEA01B061                                         PGTFORNB29112012900001539                                                                                                                               00        
0330002300049J00034191553200000023001125515965160076000777000CENTER PECAS FABBRI LTDA      29112012000000000002300000000000000000000000000000000291120120000000000023000000000000000001249                900001540           09      00        
0330002300050Z70976E17A4368534A2FA031                                         PGTFORNB29112012900001540                                                                                                                               00        
0330002300051J00034195553200000108001125685373620076000777000CENTER PECAS FABBRI LTDA      29112012000000000010800000000000000000000000000000000291120120000000000108000000000000000001250                900001541           09      00        
0330002300052Z70976E17B81CFDC6EB73024                                         PGTFORNB29112012900001541                                                                                                                               00        
0330002300053J00023792553200000475273262090000028514400935470COMDIP COMERCIAL DISTR DE PECA29112012000000000047527000000000000000000000000000000291120120000000000475270000000000000001251                900001542           09      00        
0330002300054Z70976E1C7A4258D633360FE                                         PGTFORNB29112012900001542                                                                                                                               00        
0330002300055J00034191553200000278961125421285511248021303000BANCO FIBRA SA                29112012000000000027896000000000000000000000000000000291120120000000000278960000000000000001242                900001533           09      00        
0330002300056Z70976E14927CD3B4FD77E52                                         PGTFORNB29112012900001533                                                                                                                               00        
03300025         000058000000000004435105000000000000000000311129                                                                                                                                                                               
03300031C2003031 2054375370001370033006500490028050300065 0000480000414 AUTO GERAL DE ITU LTDA                                                                              00000                                   00000000                    
0330003300001A0007000010154660000002050374 GERAL PARTS COM PECAS E ABRASI1269                29112012BRL000000000000000000000000035483900001530           29112012000000000035483                                        07          000        
0330003300002B   252472438000176                              00000                                                  00000000  291120120000000000354830000000000000000000000000000000000000000000000000000000000000000                00        
0330003300003Z70976E12DFC97240FD66A12                                         PGTFORNB29112012900001530                                                                                                                               00        
03300035         000005000000000000035483000000000000000000031129                                                                                                                                                                               
03399999         000003000069000000                                                                                                                                                                                                             
