03300000         2054375370001370033006500490028050300065 0000480000414 AUTO GERAL DE ITU LTDA        SANTANDER                               22712201216260000012606000000                                                                     
03300011C2003031 2054375370001370033006500490028050300065 0000480000414 AUTO GERAL DE ITU LTDA                                                                              00000                                   00000000                    
0330001300001A0000180010097090000000020168 TAPECARIA CELSIL LTDA         2338                27122012BRL000000000000000000000000970500900002583           27122012000000000970500                                        05          000        
0330001300002B   245478351000140                              00000                                                  00000000  271220120000000009705000000000000000000000000000000000000000000000000000000000000000000                00        
0330001300003Z70976E156B282278E5B1308                                         PGTFORNB27122012900002583                                                                                                                               00        
03300015         000005000000000000970500000000000000000000031227                                                                                                                                                                               
03399999         000001000007000000                                                                                                                                                                                                             
