03300000         2054375370001370033006500490028050300065 0000480000414 AUTO GERAL DE ITU LTDA        SANTANDER                               20104201303493800030106000000                                                                     
03300011C2030030 2054375370001370033006500490028050300065 0000480000414 AUTO GERAL DE ITU LTDA                                                                              00000                                   00000000                    
0330001300001J00003396565500001266699489019100000092433480104KSPG AUTOMOTIVE BRASIL LTDA   01042013000000000126669000000000000000000000000000000010420130000000001266690000000000000005440                900005700           09      00        
0330001300002Z70976E1286FC62FB5B652D2                                         PGTFORNB01042013900005700                                                                                                                               00        
0330001300003J00035694565500000676400689070323430000005583190DISTRIBUIDORA AUTOMOTIVA S.A. 01042013000000000067640000000000000000000000000000000010420130000000000676400000000000000005422                900005705           09      00        
0330001300004Z70976E17400379B1C4C5280                                         PGTFORNB01042013900005705                                                                                                                               00        
0330001300005J00035697565500000392110689070323430000003268158DISTRIBUIDORA AUTOMOTIVA S.A. 01042013000000000039211000000000000000000000000000000010420130000000000392110000000000000005423                900005706           09      00        
0330001300006Z70976E1E6CB0187AB48AC70                                         PGTFORNB01042013900005706                                                                                                                               00        
0330001300007J00035691565500000379900689070323440000003268405DISTRIBUIDORA AUTOMOTIVA S.A. 01042013000000000037990000000000000000000000000000000010420130000000000379900000000000000005424                900005707           09      00        
0330001300008Z70976E1335434D527BC562A                                         PGTFORNB01042013900005707                                                                                                                               00        
03300015         000010000000000000271510000000000000000000300401                                                                                                                                                                               
03300021C2031030 2054375370001370033006500490028050300065 0000480000414 AUTO GERAL DE ITU LTDA                                                                              00000                                   00000000                    
0330002300001J00023796565500000407760138093049000007101370000BBL SISTEMAS OPERACIONAIS LTDA01042013000000000040776000000000000000000000000000000010420130000000000407760000000000000005425                900005708           09      00        
0330002300002Z70976E13412AAAA3FFB2A32                                         PGTFORNB01042013900005708                                                                                                                               00        
0330002300003J00023794565500000158003372090000006028100584500MAGGI CAMINHOES LTDA          01042013000000000015800000000000000000000000000000000010420130000000000158000000000000000005441                900005723           09      00        
0330002300004Z70976E1BCAEDD6A16212BB0                                         PGTFORNB01042013900005723                                                                                                                               00        
0330002300005J00023797565500000125003372090000006023700584500MAGGI CAMINHOES LTDA          01042013000000000012500000000000000000000000000000000010420130000000000125000000000000000005442                900005724           09      00        
0330002300006Z70976E175D473D10F745F1B                                         PGTFORNB01042013900005724                                                                                                                               00        
0330002300007J00023791565500000090843372094000204559100400020MAGGI LE NOM AUTOMOTORES LTDA 01042013000000000009084000000000000000000000000000000010420130000000000090840000000000000005443                900005725           09      00        
0330002300008Z70976E1E0EF9AC050B63BAE                                         PGTFORNB01042013900005725                                                                                                                               00        
0330002300009J00023799565500000360000136093032000002401269910MEMORIAL COMERCIO DE PECAS LTD01042013000000000036000000000000000000000000000000000010420130000000000360000000000000000005444                900005726           09      00        
0330002300010Z70976E1E98927F98F731806                                         PGTFORNB01042013900005726                                                                                                                               00        
0330002300011J00023795565500000409622500090256574569700000340ODAPEL DISTRIBUIDORA DE AUTO P01042013000000000040962000000000000000000000000000000010420130000000000409620000000000000005445                900005727           09      00        
0330002300012Z70976E155EAC37534D65A6C                                         PGTFORNB01042013900005727                                                                                                                               00        
0330002300013J00023797565500000415682500090256574710600000340ODAPEL DISTRIBUIDORA DE AUTO P01042013000000000041568000000000000000000000000000000010420130000000000415680000000000000005446                900005728           09      00        
0330002300014Z70976E137488B04112E63EF                                         PGTFORNB01042013900005728                                                                                                                               00        
0330002300015J00023796565500000376252500090256574698400000340ODAPEL DISTRIBUIDORA DE AUTO P01042013000000000037625000000000000000000000000000000010420130000000000376250000000000000005447                900005729           09      00        
0330002300016Z70976E16780D8A6242B4577                                         PGTFORNB01042013900005729                                                                                                                               00        
0330002300017J00023791565500000529502500090256574811900000340ODAPEL DISTRIBUIDORA DE AUTO P01042013000000000052950000000000000000000000000000000010420130000000000529500000000000000005448                900005730           09      00        
0330002300018Z70976E1C810A6E67F62A1C9                                         PGTFORNB01042013900005730                                                                                                                               00        
0330002300019J00039995565500000565608144671683204540096965001PELLEGRINO DISTRIBUIDORA DE AU01042013000000000056560000000000000000000000000000000010420130000000000565600000000000000005449                900005731           09      00        
0330002300020Z70976E1BDC79CEC93503199                                         PGTFORNB01042013900005731                                                                                                                               00        
0330002300021J00039997565500001744632995120785105313093513001REAL MOTO PECAS LTDA          01042013000000000174463000000000000000000000000000000010420130000000001744630000000000000005450                900005732           09      00        
0330002300022Z70976E1EF760887229062B7                                         PGTFORNB01042013900005732                                                                                                                               00        
0330002300023J00023797565500000285470138093057000002301370000BBL SISTEMAS OPERACIONAIS LTDA01042013000000000028547000000000000000000000000000000010420130000000000285470000000000000005426                900005709           09      00        
0330002300024Z70976E1409582A416C5C54C                                         PGTFORNB01042013900005709                                                                                                                               00        
0330002300025J00023792565500000378484130073074000041505005930FW DISTRIBUIDORA LTDA         01042013000000000037848000000000000000000000000000000010420130000000000378480000000000000005434                900005717           09      00        
0330002300026Z70976E1133BFCF1E14D386F                                         PGTFORNB01042013900005717                                                                                                                               00        
0330002300027J00034196565500008128911090304703150109276204000GIRANDO COMERCIO DE PECAS LTDA01042013000000000812891000000000000000000000000000000010420130000000008128910000000000000005435                900005718           09      00        
0330002300028Z70976E13CB90E1C05364156                                         PGTFORNB01042013900005718                                                                                                                               00        
0330002300029J00023791565500000272600138093063000007001370000BBL SISTEMAS OPERACIONAIS LTDA01042013000000000027260000000000000000000000000000000010420130000000000272600000000000000005427                900005710           09      00        
0330002300030Z70976E16BE70877979213C1                                         PGTFORNB01042013900005710                                                                                                                               00        
0330002300031J00034191565500000181931128269709422938000052000EATON LTDA                    01042013000000000018193000000000000000000000000000000010420130000000000181930000000000000005428                900005711           09      00        
0330002300032Z70976E18AC277B1CD659B97                                         PGTFORNB01042013900005711                                                                                                                               00        
0330002300033J00034196565500001299021128269706782938000052000EATON LTDA                    01042013000000000129902000000000000000000000000000000010420130000000001299020000000000000005429                900005712           09      00        
0330002300034Z70976E160A1158F7E74E284                                         PGTFORNB01042013900005712                                                                                                                               00        
0330002300035J00034191565500000717971129069709522938000052000EATON LTDA                    01042013000000000071797000000000000000000000000000000010420130000000000717970000000000000005430                900005713           09      00        
0330002300036Z70976E15B38DF055B040773                                         PGTFORNB01042013900005713                                                                                                                               00        
0330002300037J00034198565500000580261129069709372938000052000EATON LTDA                    01042013000000000058026000000000000000000000000000000010420130000000000580260000000000000005431                900005714           09      00        
0330002300038Z70976E131EC57AF96832027                                         PGTFORNB01042013900005714                                                                                                                               00        
0330002300039J00000196565500001310000000001702613000000095017F5 CREATIVE FILMS LTDA        01042013000000000131000000000000000000000000000000000010420130000000001310000000000000000005432                900005715           09      00        
0330002300040Z70976E11F246E37D9277BB7                                         PGTFORNB01042013900005715                                                                                                                               00        
0330002300041J00034191565500011895491129196000912938017569000FRAS-LE S/A                   01042013000000001189549000000000000000000000000000000010420130000000011895490000000000000005433                900005716           09      00        
0330002300042Z70976E135BFA92BB524B02F                                         PGTFORNB01042013900005716                                                                                                                               00        
0330002300043J00034196565500000219751128955985740940062003000CHG AUTOMOTIVA LTDA           01042013000000000021975000000000000000000000000000000010420130000000000219750000000000000005418                900005701           09      00        
0330002300044Z70976E1688BCF49B9F0B9EE                                         PGTFORNB01042013900005701                                                                                                                               00        
0330002300045J00034193565500000537531129386903210940062003000CHG AUTOMOTIVA LTDA           01042013000000000053753000000000000000000000000000000010420130000000000537530000000000000005419                900005702           09      00        
0330002300046Z70976E1B9F3BFD051C88C3C                                         PGTFORNB01042013900005702                                                                                                                               00        
0330002300047J00023791565500000256362002061301419349100829680COMERCIAL AUTOMOTIVA S.A.     01042013000000000025636000000000000000000000000000000010420130000000000256360000000000000005420                900005703           09      00        
0330002300048Z70976E12CE7264146FC1C91                                         PGTFORNB01042013900005703                                                                                                                               00        
0330002300049J00034199565500000435031572281802584522114471000COML NV MILLENNIUN A P LTDA EP01042013000000000043503000000000002175000000000000000010420130000000000413280000000000000005421                900005704           09      00        
0330002300050Z70976E1C140DB517C6A50F2                                         PGTFORNB01042013900005704                                                                                                                               00        
0330002300051J00034192565500000179991090304709920109276204000GIRANDO COMERCIO DE PECAS LTDA01042013000000000017999000000000000000000000000000000010420130000000000179990000000000000005436                900005719           09      00        
0330002300052Z70976E1733952C3389E9BA7                                         PGTFORNB01042013900005719                                                                                                                               00        
0330002300053J00023791565500001015162709091330845439500148090GUETTI COML ATACADISTA LTDA   01042013000000000101516000000000000000000000000000000010420130000000001015160000000000000005437                900005720           09      00        
0330002300054Z70976E14D8F1ADDB87D06D7                                         PGTFORNB01042013900005720                                                                                                                               00        
0330002300055J00042292565500001835637115000060671434049930282ATHENABANCO FOMENTO MERC LTDA 01042013000000000183563000000000000000000000000000000010420130000000001835630000000000000005438                900005721           09      00        
0330002300056Z70976E1D88A8CCD0EC7D624                                         PGTFORNB01042013900005721                                                                                                                               00        
0330002300057J00023791565500001764510086093060000008300170000A FIRMA ASSESSORIA EM COBRANCA01042013000000000176451000000000000000000000000000000010420130000000001764510000000000000005439                900005722           09      00        
0330002300058Z70976E11D50515727C1431E                                         PGTFORNB01042013900005722                                                                                                                               00        
0330002300059J00023794565500000732753395093050000002300028140ROCHESTER DISTRIBUIDORA DE AUT01042013000000000073275000000000000000000000000000000010420130000000000732750000000000000005451                900005733           09      00        
0330002300060Z70976E16732EBBE047596D6                                         PGTFORNB01042013900005733                                                                                                                               00        
0330002300061J00000198565500000190900000001572502000001904917SHARK TRATORES E PECAS LTDA   01042013000000000019090000000000000000000000000000000010420130000000000190900000000000000005452                900005734           09      00        
0330002300062Z70976E11266ADD4F75545F4                                         PGTFORNB01042013900005734                                                                                                                               00        
0330002300063J00000191565500000902700000002175416000003674117SK AUTOMOTIVE S/A DISTR AUTOPE01042013000000000090270000000000000000000000000000000010420130000000000902700000000000000005453                900005735           09      00        
0330002300064Z70976E1C4096320D7EF1227                                         PGTFORNB01042013900005735                                                                                                                               00        
0330002300065J00034191565500000180001128042736572938069560000TEMPO AUTOMOVEIS PECAS LTDA   01042013000000000018000000000000000000000000000000000010420130000000000180000000000000000005454                900005736           09      00        
0330002300066Z70976E1A77AC8FA27B64EE1                                         PGTFORNB01042013900005736                                                                                                                               00        
0330002300067J00034191565500000242111128042736242938069560000TEMPO AUTOMOVEIS PECAS LTDA   01042013000000000024211000000000000000000000000000000010420130000000000242110000000000000005455                900005737           09      00        
0330002300068Z70976E106644464F470D864                                         PGTFORNB01042013900005737                                                                                                                               00        
0330002300069J00034193565500000142611127318333262938069560000TEMPO AUTOMOVEIS PECAS LTDA   01042013000000000014261000000000000000000000000000000010420130000000000142610000000000000005456                900005738           09      00        
0330002300070Z70976E1A0ED3E62D94C7A80                                         PGTFORNB01042013900005738                                                                                                                               00        
0330002300071J00000194565500000516840000001291892000004806817VESPOR AUTOMOTIVE DIST DE AUTO01042013000000000051684000000000000000000000000000000010420130000000000516840000000000000005457                900005739           09      00        
0330002300072Z70976E155D0870E9F35E67F                                         PGTFORNB01042013900005739                                                                                                                               00        
0330002300073J00039993565500000097851770505282404540079149001BANCO SOFISA SA               01042013000000000009785000000000000000000000000000000010420130000000000097850000000000000005458                900005740           09      00        
0330002300074Z70976E1AF85601A585E9752                                         PGTFORNB01042013900005740                                                                                                                               00        
0330002300075J00039993565500000249821770505283204540079149001BANCO SOFISA SA               01042013000000000024982000000000000000000000000000000010420130000000000249820000000000000005459                900005741           09      00        
0330002300076Z70976E171509B278A74B4D9                                         PGTFORNB01042013900005741                                                                                                                               00        
0330002300077J00039991565500001627352400512080906573205239001RODONAVES TRANSP E ENCOMENDAS 01042013000000000162735000000000000000000000000000000010420130000000001627350000000000000005460                900005742           09      00        
0330002300078Z70976E1F0178D7950031EB1                                         PGTFORNB01042013900005742                                                                                                                               00        
0330002300079J00039995565500000169232400512081706573205239001RODONAVES TRANSP E ENCOMENDAS 01042013000000000016923000000000000000000000000000000010420130000000000169230000000000000005461                900005743           09      00        
0330002300080Z70976E152DEE1CB459A1634                                         PGTFORNB01042013900005743                                                                                                                               00        
0330002300081J00039993565500000116772400512082506573205239001RODONAVES TRANSP E ENCOMENDAS 01042013000000000011677000000000000000000000000000000010420130000000000116770000000000000005462                900005744           09      00        
0330002300082Z70976E132DF1E062611C05A                                         PGTFORNB01042013900005744                                                                                                                               00        
0330002300083J00023795565500000540832372196600108313100360080TELEFONICA BRASIL S/A         01042013000000000054083000000000000000000000000000000010420130000000000540830000000000000005463                900005745           09      00        
0330002300084Z70976E10D19F325EA71BD1F                                         PGTFORNB01042013900005745                                                                                                                               00        
0330002300085J00000192565500000147800000001555704202000136817VIRTUAL EXPRESS TRANSPORTES E 01042013000000000014780000000000000000000000000000000010420130000000000147800000000000000005464                900005746           09      00        
0330002300086Z70976E15C00CDC6C1FC4DBD                                         PGTFORNB01042013900005746                                                                                                                               00        
03300025         000088000000000004231278000000000000000000310401                                                                                                                                                                               
03399999         000002000100000000                                                                                                                                                                                                             
