03300000         2054375370001370033006500490028050300065 0000480000414 AUTO GERAL DE ITU LTDA        SANTANDER                               21503201302230900027206000000                                                                     
03300011C2030030 2054375370001370033006500490028050300065 0000480000414 AUTO GERAL DE ITU LTDA                                                                              00000                                   00000000                    
0330001300001J00003391563800000673809513931700000104292470101DISTRIBUIDORA AUTOMOTIVA S.A. 15032013000000000067380000000000000000000000000000000150320130000000000673800000000000000004906                900005177           09      00        
0330001300002Z70976E1916DB69C146D32BD                                         PGTFORNB15032013900005177                                                                                                                               00        
0330001300003J00003392563800008006109513931700000104290690101DISTRIBUIDORA AUTOMOTIVA S.A. 15032013000000000800610000000000000000000000000000000150320130000000008006100000000000000004907                900005178           09      00        
0330001300004Z70976E188C2CD6F58BDAC1A                                         PGTFORNB15032013900005178                                                                                                                               00        
0330001300005J00003395563800002249079513931700000104283800101DISTRIBUIDORA AUTOMOTIVA S.A. 15032013000000000224907000000000000000000000000000000150320130000000002249070000000000000004911                900005179           09      00        
0330001300006Z70976E1147507AEDD6BE561                                         PGTFORNB15032013900005179                                                                                                                               00        
0330001300007J00003395563800002788789513931700000104289250101DISTRIBUIDORA AUTOMOTIVA S.A. 15032013000000000278878000000000000000000000000000000150320130000000002788780000000000000004914                900005180           09      00        
0330001300008Z70976E16A505360F705D9CC                                         PGTFORNB15032013900005180                                                                                                                               00        
0330001300009J00003391563800006288209537802800000000009390203SPARX IND E COM DE PECAS AUTO 15032013000000000628820000000000000000000000000000000150320130000000006288200000000000000004925                900005181           09      00        
0330001300010Z70976E14B29850FA1B2A3E2                                         PGTFORNB15032013900005181                                                                                                                               00        
0330001300011J00003394563800001710009128344800001000382120101RADIO CIDADE DE ITU LTDA      15032013000000000171000000000000000000000000000000000150320130000000001710000000000000000004930                900005182           09      00        
0330001300012Z70976E1AE270D2D0A6D20D5                                         PGTFORNB15032013900005182                                                                                                                               00        
0330001300013J00035696563800012760160689070323400000003266080DISTRIBUIDORA AUTOMOTIVA S.A. 15032013000000001276016000000000000000000000000000000150320130000000012760160000000000000004903                900005192           09      00        
0330001300014Z70976E167E68811703D2178                                         PGTFORNB15032013900005192                                                                                                                               00        
0330001300015J00035691563800001581320689070323420000005755039DISTRIBUIDORA AUTOMOTIVA S.A. 15032013000000000158132000000000000000000000000000000150320130000000001581320000000000000004904                900005193           09      00        
0330001300016Z70976E17AF35812B68C1DCB                                         PGTFORNB15032013900005193                                                                                                                               00        
0330001300017J00035697563800000948800689070323410000005579505DISTRIBUIDORA AUTOMOTIVA S.A. 15032013000000000094880000000000000000000000000000000150320130000000000948800000000000000004905                900005194           09      00        
0330001300018Z70976E176C17AF593528B95                                         PGTFORNB15032013900005194                                                                                                                               00        
0330001300019J00035695563800002666790689070323420000005579462DISTRIBUIDORA AUTOMOTIVA S.A. 15032013000000000266679000000000000000000000000000000150320130000000002666790000000000000004908                900005195           09      00        
0330001300020Z70976E1E3C3B95585A0A292                                         PGTFORNB15032013900005195                                                                                                                               00        
0330001300021J00035699563800000249900689070323460000003266217DISTRIBUIDORA AUTOMOTIVA S.A. 15032013000000000024990000000000000000000000000000000150320130000000000249900000000000000004909                900005196           09      00        
0330001300022Z70976E1AFB8E09AFF6AE3B8                                         PGTFORNB15032013900005196                                                                                                                               00        
0330001300023J00035696563800003895640689070323430000003266079DISTRIBUIDORA AUTOMOTIVA S.A. 15032013000000000389564000000000000000000000000000000150320130000000003895640000000000000004910                900005197           09      00        
0330001300024Z70976E16D78984F8BD6E50F                                         PGTFORNB15032013900005197                                                                                                                               00        
0330001300025J00035691563800002177440689070323480000005755033DISTRIBUIDORA AUTOMOTIVA S.A. 15032013000000000217744000000000000000000000000000000150320130000000002177440000000000000004912                900005198           09      00        
0330001300026Z70976E1CFC3CBC953F11009                                         PGTFORNB15032013900005198                                                                                                                               00        
0330001300027J00035692563800001225100689070323400000005579423DISTRIBUIDORA AUTOMOTIVA S.A. 15032013000000000122510000000000000000000000000000000150320130000000001225100000000000000004913                900005199           09      00        
0330001300028Z70976E1B5A61AC6FE1E0533                                         PGTFORNB15032013900005199                                                                                                                               00        
03300015         000030000000000004722110000000000000000000300315                                                                                                                                                                               
03300021C2031030 2054375370001370033006500490028050300065 0000480000414 AUTO GERAL DE ITU LTDA                                                                              00000                                   00000000                    
0330002300001J00034196563800000096431127789058882938000052000EATON LTDA                    15032013000000000009643000000000000000000000000000000150320130000000000096430000000000000004915                900005200           09      00        
0330002300002Z70976E1595ECD5F11973B6B                                         PGTFORNB15032013900005200                                                                                                                               00        
0330002300003J00039996563800000462123133575086405313093513001REAL MOTO PECAS LTDA          15032013000000000046212000000000000000000000000000000150320130000000000462120000000000000004931                900005214           09      00        
0330002300004Z70976E1EE35C850C4AEFD28                                         PGTFORNB15032013900005214                                                                                                                               00        
0330002300005J00039992563800004821013133574320505313093513001REAL MOTO PECAS LTDA          15032013000000000482101000000000000000000000000000000150320130000000004821010000000000000004932                900005215           09      00        
0330002300006Z70976E19C953A965F898A68                                         PGTFORNB15032013900005215                                                                                                                               00        
0330002300007J00039991563800000952623133586598005313093513001REAL MOTO PECAS LTDA          15032013000000000095262000000000000000000000000000000150320130000000000952620000000000000004933                900005216           09      00        
0330002300008Z70976E1D8351A87804AB1FF                                         PGTFORNB15032013900005216                                                                                                                               00        
0330002300009J00039991563800001952993133586878405313093513001REAL MOTO PECAS LTDA          15032013000000000195299000000000000000000000000000000150320130000000001952990000000000000004934                900005217           09      00        
0330002300010Z70976E1B9C3277B4C9FE66B                                         PGTFORNB15032013900005217                                                                                                                               00        
0330002300011J00023792563800001359703395061180232925300028140ROCHESTER DISTRIBUIDORA DE AUT15032013000000000135970000000000000000000000000000000150320130000000001359700000000000000004935                900005218           09      00        
0330002300012Z70976E13A222FF6CA21AAC9                                         PGTFORNB15032013900005218                                                                                                                               00        
0330002300013J00023797563800000785040545090000029912800705060TONINI DISTRIBUIDORA LTDA     15032013000000000078504000000000000000000000000000000150320130000000000785040000000000000004936                900005219           09      00        
0330002300014Z70976E122C1805E0F7F5668                                         PGTFORNB15032013900005219                                                                                                                               00        
0330002300015J00034197563800002847201090001287670076635200000TV ALIANCA PAULISTA SA        15032013000000000284720000000000000000000000000000000150320130000000002847200000000000000004937                900005220           09      00        
0330002300016Z70976E124CD0CE6764CE474                                         PGTFORNB15032013900005220                                                                                                                               00        
0330002300017J00034193563800006403561090001291790076635200000TV ALIANCA PAULISTA SA        15032013000000000640356000000000000000000000000000000150320130000000006403560000000000000004938                900005221           09      00        
0330002300018Z70976E1CE3905394BE792C6                                         PGTFORNB15032013900005221                                                                                                                               00        
0330002300019J00034196563800004361991128842278211446736314000UNDERCAR COMP AUTOMOTIVOS LTDA15032013000000000436199000000000000000000000000000000150320130000000004361990000000000000004939                900005222           09      00        
0330002300020Z70976E1DB5961D2B166F2C8                                         PGTFORNB15032013900005222                                                                                                                               00        
0330002300021J00000191563800003678850443310691934200002431331ZM S/A                        15032013000000000367885000000000000000000000000000000150320130000000003678850000000000000004940                900005223           09      00        
0330002300022Z70976E16F125F3CE247D8B8                                         PGTFORNB15032013900005223                                                                                                                               00        
0330002300023J00034197563800007476931090004410217444300003000ZUPAN INDUSTRIA H P LTDA      15032013000000000747693000000000000000000000000000000150320130000000007476930000000000000004941                900005224           09      00        
0330002300024Z70976E10BB2FB72634824DD                                         PGTFORNB15032013900005224                                                                                                                               00        
0330002300025J00023792563800000450142002193052000299300001270INDUSTRIAS ROMI SA            15032013000000000045014000000000000000000000000000000150320130000000000450140000000000000004942                900005225           09      00        
0330002300026Z70976E1749B7AB4ECB0E7FA                                         PGTFORNB15032013900005225                                                                                                                               00        
0330002300027J00023799563800000450142002193052000155500001270INDUSTRIAS ROMI SA            15032013000000000045014000000000000000000000000000000150320130000000000450140000000000000004943                900005226           09      00        
0330002300028Z70976E1AD1DC86581B3811A                                         PGTFORNB15032013900005226                                                                                                                               00        
0330002300029J00034198563800004148811128412136582938012875000INDUSTRIAS ROMI SA            15032013000000000414881000000000000000000000000000000150320130000000004148810000000000000004944                900005227           09      00        
0330002300030Z70976E1C0381D7C865DAD7B                                         PGTFORNB15032013900005227                                                                                                                               00        
0330002300031J00034193563800000782081128806211670360545834000COBRA ROLAMENTOS E AUTO PECAS 15032013000000000078208000000000000000000000000000000150320130000000000782080000000000000004897                900005186           09      00        
0330002300032Z70976E1F410298249AF71D7                                         PGTFORNB15032013900005186                                                                                                                               00        
0330002300033J00034191563800000335751128806211750360545834000COBRA ROLAMENTOS E AUTO PECAS 15032013000000000033575000000000000000000000000000000150320130000000000335750000000000000004898                900005187           09      00        
0330002300034Z70976E1187573041A493D06                                         PGTFORNB15032013900005187                                                                                                                               00        
0330002300035J00023795563800000308612002061301413307100829680COMERCIAL AUTOMOTIVA S.A.     15032013000000000030861000000000000000000000000000000150320130000000000308610000000000000004899                900005188           09      00        
0330002300036Z70976E15CCE5E546AB2117A                                         PGTFORNB15032013900005188                                                                                                                               00        
0330002300037J00023792563800000623630311061316132955100829680COMERCIAL AUTOMOTIVA S.A.     15032013000000000062363000000000000000000000000000000150320130000000000623630000000000000004900                900005189           09      00        
0330002300038Z70976E1C487D090F0CF8FB7                                         PGTFORNB15032013900005189                                                                                                                               00        
0330002300039J00034191563800000895461816573191954522114471000COML NV MILLENNIUN A P LTDA EP15032013000000000089546000000000000000000000000000000150320130000000000895460000000000000004901                900005190           09      00        
0330002300040Z70976E10201979B358574F1                                         PGTFORNB15032013900005190                                                                                                                               00        
0330002300041J00034191563800000157141572019493074522114471000COML NV MILLENNIUN A P LTDA EP15032013000000000015714000000000000785000000000000000150320130000000000149290000000000000004902                900005191           09      00        
0330002300042Z70976E1F0C177FAEE6C36AA                                         PGTFORNB15032013900005191                                                                                                                               00        
0330002300043J00034194563800002277601090000233500278067418000CAPITAL EMBALAGENS DESCAT LTDA15032013000000000227760000000000000000000000000000000150320130000000002277600000000000000004894                900005183           09      00        
0330002300044Z70976E1A0725BFD52180FE3                                         PGTFORNB15032013900005183                                                                                                                               00        
0330002300045J00034191563800006360491128806210840360545834000COBRA ROLAMENTOS E AUTO PECAS 15032013000000000636049000000000000000000000000000000150320130000000006360490000000000000004895                900005184           09      00        
0330002300046Z70976E1AFFBD5B308A806BC                                         PGTFORNB15032013900005184                                                                                                                               00        
0330002300047J00034191563800000579311128806212250360545834000COBRA ROLAMENTOS E AUTO PECAS 15032013000000000057931000000000000000000000000000000150320130000000000579310000000000000004896                900005185           09      00        
0330002300048Z70976E142F02DB7420280A1                                         PGTFORNB15032013900005185                                                                                                                               00        
0330002300049J00034199563800000210151128185237582938000052000EATON LTDA                    15032013000000000021015000000000000000000000000000000150320130000000000210150000000000000004916                900005201           09      00        
0330002300050Z70976E16543693BFCC9D588                                         PGTFORNB15032013900005201                                                                                                                               00        
0330002300051J00034196563800004148811128412121302938012875000INDUSTRIAS ROMI SA            15032013000000000414881000000000000000000000000000000150320130000000004148810000000000000004945                900005228           09      00        
0330002300052Z70976E1F8BCE1A52FDE97A1                                         PGTFORNB15032013900005228                                                                                                                               00        
0330002300053J00074591564000010499993680049280025004390098534DELL COMPUTADORES DO BRASIL   17032013000000001049999000000000000000000000000000000150320130000000010499990000000000000004946                900005229           09      00        
0330002300054Z70976E122191936B43CF3E8                                         PGTFORNB15032013900005229                                                                                                                               00        
0330002300055J00000195563800000978720000002325672000073058318PREFEITURA DA ESTANCIA TURISTI15032013000000000097872000000000000000000000000000000150320130000000000978720000000000000004947                900005230           09      00        
0330002300056Z70976E14FE7DA81686F0EBE                                         PGTFORNB15032013900005230                                                                                                                               00        
0330002300057J00034192000000000351901750470925212938010580000EMPRESA BRASILEIRA DE TELECOMU15032013000000000035190000000000000000000000000000000150320130000000000351900000000000000004948                900005231           09      00        
0330002300058Z70976E1A05D60F76282F11B                                         PGTFORNB15032013900005231                                                                                                                               00        
0330002300059J00034193563800002280501128185238572938000052000EATON LTDA                    15032013000000000228050000000000000000000000000000000150320130000000002280500000000000000004917                900005202           09      00        
0330002300060Z70976E19B8987ED394D2E67                                         PGTFORNB15032013900005202                                                                                                                               00        
0330002300061J00034194563800000531921127789057712938000052000EATON LTDA                    15032013000000000053192000000000000000000000000000000150320130000000000531920000000000000004918                900005203           09      00        
0330002300062Z70976E12795EF44FC119207                                         PGTFORNB15032013900005203                                                                                                                               00        
0330002300063J00023791563800000346353392021330520441301078340F2 DISTRIBUIDORA DE AUTO PARTS15032013000000000034635000000000000000000000000000000150320130000000000346350000000000000004919                900005204           09      00        
0330002300064Z70976E15109F15AE1C261F4                                         PGTFORNB15032013900005204                                                                                                                               00        
0330002300065J00023793563800000240204130073060000046805005930FW DISTRIBUIDORA LTDA         15032013000000000024020000000000000000000000000000000150320130000000000240200000000000000004920                900005205           09      00        
0330002300066Z70976E1E1A3979F0E4A2333                                         PGTFORNB15032013900005205                                                                                                                               00        
0330002300067J00000198563800000115990444784652534120000204711INSTALADORA SAO MARCOS LTDA   15032013000000000011599000000000000000000000000000000150320130000000000115990000000000000004921                900005206           09      00        
0330002300068Z70976E1418063F38A85A43C                                         PGTFORNB15032013900005206                                                                                                                               00        
0330002300069J00074595563800000789533314080403011770073964234LNG IMP EXP DE AUTOPECAS LTDA 15032013000000000078953000000000000000000000000000000150320130000000000789530000000000000004922                900005207           09      00        
0330002300070Z70976E11E78D9CAEDCBAC6F                                         PGTFORNB15032013900005207                                                                                                                               00        
0330002300071J00023793563800000832143392023050000003800201630LNG IMP EXP DE AUTOPECAS LTDA 15032013000000000083214000000000000000000000000000000150320130000000000832140000000000000004923                900005208           09      00        
0330002300072Z70976E14A0D17ACD6D3D77E                                         PGTFORNB15032013900005208                                                                                                                               00        
0330002300073J00000191563800000410160444399326933200001050131LUPORINI DISTR DE AUTOPECAS LT15032013000000000041016000000000000000000000000000000150320130000000000410160000000000000004924                900005209           09      00        
0330002300074Z70976E1EF46614D876C019A                                         PGTFORNB15032013900005209                                                                                                                               00        
0330002300075J00023791563800000166402500090256573579500000340ODAPEL DISTRIBUIDORA DE AUTO P15032013000000000016640000000000000000000000000000000150320130000000000166400000000000000004926                900005210           09      00        
0330002300076Z70976E16ECF260679CD7AAD                                         PGTFORNB15032013900005210                                                                                                                               00        
0330002300077J00034195563800001600001571904381380513635268000OPPORTUNITY COMUN MARK LTDA   15032013000000000160000000000000000000000000000000000150320130000000001600000000000000000004927                900005211           09      00        
0330002300078Z70976E1188A7FB383FDB940                                         PGTFORNB15032013900005211                                                                                                                               00        
0330002300079J00034191563800000711801571904509350513635268000OPPORTUNITY COMUN MARK LTDA   15032013000000000071180000000000000000000000000000000150320130000000000711800000000000000004928                900005212           09      00        
0330002300080Z70976E16B38DBF71F288417                                         PGTFORNB15032013900005212                                                                                                                               00        
0330002300081J00039998563800000378368144670851104540096965001PELLEGRINO DISTRIBUIDORA DE AU15032013000000000037836000000000000000000000000000000150320130000000000378360000000000000004929                900005213           09      00        
0330002300082Z70976E1E99C813B83F63175                                         PGTFORNB15032013900005213                                                                                                                               00        
03300025         000084000000000007715267000000000000000000310315                                                                                                                                                                               
03300031C2003031 2054375370001370033006500490028050300065 0000480000414 AUTO GERAL DE ITU LTDA                                                                              00000                                   00000000                    
0330003300001A0007003410894900000000044674 CENTRO AUTOMOTIVO ITUZAO LTDA 4951                15032013BRL000000000000000000000000022515900005176           15032013000000000022515                                        07          000        
0330003300002B   208699770000186                              00000                                                  00000000  150320130000000000225150000000000000000000000000000000000000000000000000000000000000000                00        
0330003300003Z70976E1717847E75E1673B6                                         PGTFORNB15032013900005176                                                                                                                               00        
03300035         000005000000000000022515000000000000000000030315                                                                                                                                                                               
03399999         000003000121000000                                                                                                                                                                                                             
