03300000         2054375370001370033006500490028050300065 0000480000414 AUTO GERAL DE ITU LTDA        SANTANDER                               21211201204135400003906000000                                                                     
03300011C2030030 2054375370001370033006500490028050300065 0000480000414 AUTO GERAL DE ITU LTDA                                                                              00000                                   00000000                    
0330001300001J00003398551400000364809216580500000000811670203J M CHAVES CARBURADORES ME    1111201200000000003648000000000000000000000000000000012112012000000000036480000000000000000654                 900000920           09      00        
0330001300002Z70976E1FCC319E670CB69D9                                         PGTFORNB12112012900000920                                                                                                                               00        
0330001300003J00003397551500000358509492147000000000457130104J FREITAS COM IMP E EXP LTDA  1211201200000000003585000000000000000000000000000000012112012000000000035850000000000000000674                 900000921           09      00        
0330001300004Z70976E102618AD53854EA81                                         PGTFORNB12112012900000921                                                                                                                               00        
0330001300005J00003399551500002384009500895600000000202300201ONIN DISTR DE AUTOPECAS LTDA  1211201200000000023840000000000000000000000000000000012112012000000000238400000000000000000678                 900000922           09      00        
0330001300006Z70976E112268A04FB641810                                         PGTFORNB12112012900000922                                                                                                                               00        
0330001300007J00003398551300000014009213650300000171079620102SIND EMPRE COMERCIO ITU E REGI1011201200000000000140000000000000000000000000000000012112012000000000001400000000000000000702                 900000923           09      00        
0330001300008Z70976E10925BC4EC4779DA0                                         PGTFORNB12112012900000923                                                                                                                               00        
0330001300009J00035691551500000269500409503986700000000234065ITA PECAS PARA VEIC COM SERV L1211201200000000002695000000000000000000000000000000012112012000000000026950000000000000000673                 900000968           09      00        
0330001300010Z70976E18CFD2CB316873BB2                                         PGTFORNB12112012900000968                                                                                                                               00        
0330001300011J00003391551300000021009213650300000171079700102SIND EMPRE COMERCIO ITU E REGI1011201200000000000210000000000000000000000000000000012112012000000000002100000000000000000703                 900000924           09      00        
0330001300012Z70976E157DB6D695EFA8A5C                                         PGTFORNB12112012900000924                                                                                                                               00        
0330001300013J00035693551500000311780689070323420000004888930DISTRIBUIDORA AUTOMOTIVA SA   1211201200000000003117800000000000000000000000000000012112012000000000031178000000000000000665                 900000960           09      00        
0330001300014Z70976E155A208638688E262                                         PGTFORNB12112012900000960                                                                                                                               00        
03300015         000016000000000000372358000000000000000000301112                                                                                                                                                                               
03300021C2031030 2054375370001370033006500490028050300065 0000480000414 AUTO GERAL DE ITU LTDA                                                                              00000                                   00000000                    
0330002300001J00000197551500001758980439817149319140000100711CDMD COM DE VEICULOS AUTOMOTOR1211201200000000017589800000000000000000000000000000012112012000000000175898000000000000000662                 900000957           09      00        
0330002300002Z70976E11D9D2A5C2B15A2AA                                         PGTFORNB12112012900000957                                                                                                                               00        
0330002300003J00023794551500000259243262090000027598100935470COMDIP COML DISTR DE PECAS LTD1211201200000000002592400000000000000000000000000000012112012000000000025924000000000000000663                 900000958           09      00        
0330002300004Z70976E147954F6B70F5A8F4                                         PGTFORNB12112012900000958                                                                                                                               00        
0330002300005J00034199551500000377131570033938034522114471000COML NV MILLENNIUN A P LTDA EP1211201200000000003771300000000000000000000000000000012112012000000000037713000000000000000664                 900000959           09      00        
0330002300006Z70976E1C774A98861628FF6                                         PGTFORNB12112012900000959                                                                                                                               00        
0330002300007J00000191551500001763850000001644718000023433517P.E. DISTR DE AUTOPECAS LTDA  1211201200000000017638500000000000000000000000000000012112012000000000176385000000000000000679                 900000972           09      00        
0330002300008Z70976E16ED1E957EF09AC22                                         PGTFORNB12112012900000972                                                                                                                               00        
0330002300009J00039999551500006948628144664800404540096965001PELLEGRINO DISTR DE AUTOPECAS 1211201200000000069486200000000000000000000000000000012112012000000000694862000000000000000680                 900000973           09      00        
0330002300010Z70976E184D36D94CA8BFD42                                         PGTFORNB12112012900000973                                                                                                                               00        
0330002300011J00039999551500000593888144664784904540096965001PELLEGRINO DISTR DE AUTOPECAS 1211201200000000005938800000000000000000000000000000012112012000000000059388000000000000000681                 900000974           09      00        
0330002300012Z70976E1E36A03A36C77181A                                         PGTFORNB12112012900000974                                                                                                                               00        
0330002300013J00039992551500001486902696542118004540096965001PELLEGRINO DISTR DE AUTOPECAS 1211201200000000014869000000000000000000000000000000012112012000000000148690000000000000000682                 900000975           09      00        
0330002300014Z70976E1301969589D8439C0                                         PGTFORNB12112012900000975                                                                                                                               00        
0330002300015J00023797551500000989943484092268000075201129000PETRONAS LUBRIFICANTES BRASIL 1211201200000000009899400000000000000000000000000000012112012000000000098994000000000000000683                 900000976           09      00        
0330002300016Z70976E12EBD971F1FBA22A7                                         PGTFORNB12112012900000976                                                                                                                               00        
0330002300017J00000192551500001124670000002096856000001885217PRV COMERCIO DE PECAS LTDA    1211201200000000011246700000000000000000000000000000012112012000000000112467000000000000000684                 900000977           09      00        
0330002300018Z70976E19C5F556411F6DDF7                                         PGTFORNB12112012900000977                                                                                                                               00        
0330002300019J00000198551500000442110000002096856000002061717PRV COM DE PECAS              1211201200000000004421100000000000000000000000000000012112012000000000044211000000000000000685                 900000978           09      00        
0330002300020Z70976E1D1C7E3582EC38BE2                                         PGTFORNB12112012900000978                                                                                                                               00        
0330002300021J00000199551500000597640000002096856000002127017PRV COM DE PECAS              1211201200000000005976400000000000000000000000000000012112012000000000059764000000000000000686                 900000979           09      00        
0330002300022Z70976E1B443EB009E2C69D5                                         PGTFORNB12112012900000979                                                                                                                               00        
0330002300023J00000191551500000276360000002096857000000545017PTD COM DE PECAS              1211201200000000002763600000000000000000000000000000012112012000000000027636000000000000000687                 900000980           09      00        
0330002300024Z70976E14985F1A6F949C4E2                                         PGTFORNB12112012900000980                                                                                                                               00        
0330002300025J00039998551500003002422053159190005313093513001REAL MOTO PECAS LTDA          1211201200000000030024200000000000000000000000000000012112012000000000300242000000000000000688                 900000981           09      00        
0330002300026Z70976E13F377F9435C15AED                                         PGTFORNB12112012900000981                                                                                                                               00        
0330002300027J00039991551500000343962053153992405313093513001REAL MOTO PECAS LTDA          1211201200000000003439600000000000000000000000000000012112012000000000034396000000000000000689                 900000982           09      00        
0330002300028Z70976E1534350462749B300                                         PGTFORNB12112012900000982                                                                                                                               00        
0330002300029J00039994551500000321902053153163005313093513001REAL MOTO PECAS LTDA          1211201200000000003219000000000000000000000000000000012112012000000000032190000000000000000690                 900000983           09      00        
0330002300030Z70976E10E946D9EA2790865                                         PGTFORNB12112012900000983                                                                                                                               00        
0330002300031J00000199551500000330700000001538847000012833017SK AUTOMOTIVE SA DISTR AUTOPCS1211201200000000003307000000000000000000000000000000012112012000000000033070000000000000000691                 900000984           09      00        
0330002300032Z70976E161535066B449D107                                         PGTFORNB12112012900000984                                                                                                                               00        
0330002300033J00023798551500000402303395090000004846900650000SORANA SUL                    1211201200000000004023000000000000000000000000000000012112012000000000040230000000000000000692                 900000985           09      00        
0330002300034Z70976E18B8E2FF0F4B5F1B2                                         PGTFORNB12112012900000985                                                                                                                               00        
0330002300035J00034197554500000010001092193013102938014558000SODEXO PASS DO BRASIL SERV E C1212201200000000000100000000000000000000000000000000012112012000000000001000000000000000000693                 900000986           09      00        
0330002300036Z70976E16857F78CBB84A41F                                         PGTFORNB12112012900000986                                                                                                                               00        
0330002300037J00034196551300007608381125331679070076004985000UNIMED SOROCABA COOP TRABALHO 1011201200000000076083800000000000000000000000000000012112012000000000760838000000000000000694                 900000987           09      00        
0330002300038Z70976E13283A759C7B1648E                                         PGTFORNB12112012900000987                                                                                                                               00        
0330002300039J00040995551300000456005267115800100200071320330UNIMED SALTO/ITU COOP TRAB MED1011201200000000004560000000000000000000000000000000012112012000000000045600000000000000000695                 900000988           09      00        
0330002300040Z70976E189465BF326633A35                                         PGTFORNB12112012900000988                                                                                                                               00        
0330002300041J00040996551300012667115267115800100200071318549UNIMED SALTO/ITU COOP TRAB MED1011201200000000126671100000000000000000000000000000012112012000000001266711000000000000000696                 900000989           09      00        
0330002300042Z70976E1649D215624E848AE                                         PGTFORNB12112012900000989                                                                                                                               00        
0330002300043J00034195551300000000001750173053258052145193000SIND EMPRE COMERCIO ITU E REGI1011201200000000000856000000000000000000000000000000012112012000000000008560000000000000000697                 900000990           09      00        
0330002300044Z70976E16BC73733B512B24B                                         PGTFORNB12112012900000990                                                                                                                               00        
0330002300045J00034196551300000000001750173243918052145193000SIND EMPRE COMERCIO ITU E REGI1011201200000000001712600000000000000000000000000000012112012000000000017126000000000000000698                 900000991           09      00        
0330002300046Z70976E11C5EA17FAED3BA0C                                         PGTFORNB12112012900000991                                                                                                                               00        
0330002300047J00034191551300000000001750173053338052145193000SIND EMPRE COMERCIO ITU E REGI1011201200000000000997600000000000000000000000000000012112012000000000009976000000000000000699                 900000992           09      00        
0330002300048Z70976E1D1883EF261BE7388                                         PGTFORNB12112012900000992                                                                                                                               00        
0330002300049J00034194551300000000001750173053098052145193000SIND EMPRE COMERCIO ITU E REGI1011201200000000006022300000000000000000000000000000012112012000000000060223000000000000000700                 900000993           09      00        
0330002300050Z70976E1CBC129AEC946B288                                         PGTFORNB12112012900000993                                                                                                                               00        
0330002300051J00034191551300000000001750173053178052145193000SIND EMPRE COMERCIO ITU E REGI1011201200000000001342900000000000000000000000000000012112012000000000013429000000000000000701                 900000994           09      00        
0330002300052Z70976E13F5E1B94DAD58895                                         PGTFORNB12112012900000994                                                                                                                               00        
0330002300053J00034197551300000000001750543753718052145193000SIND EMPRE COMERCIO ITU E REGI1011201200000000000476000000000000000000000000000000012112012000000000004760000000000000000704                 900000995           09      00        
0330002300054Z70976E188818E84527DECF7                                         PGTFORNB12112012900000995                                                                                                                               00        
0330002300055J00034194551300000035001750171079528052144022000SIND EMPRE COMERCIO ITU E REGI1011201200000000000350000000000000000000000000000000012112012000000000003500000000000000000705                 900000996           09      00        
0330002300056Z70976E1F659DDF4BA510833                                         PGTFORNB12112012900000996                                                                                                                               00        
0330002300057J00034191551300000014001750171104858052144022000SIND EMPRE COMERCIO DE ITU E R1011201200000000000140000000000000000000000000000000012112012000000000001400000000000000000707                 900000997           09      00        
0330002300058Z70976E17B0E3578B6C9BB60                                         PGTFORNB12112012900000997                                                                                                                               00        
0330002300059J00010497551500000000008223381112031200300612098SIND. DOS COND. DE VEICULOS RO1211201200000000000290000000000000000000000000000000012112012000000000002900000000000000000708                 900000998           09      00        
0330002300060Z70976E1377C0856B4378B47                                         PGTFORNB12112012900000998                                                                                                                               00        
0330002300061J00034198551500000416051570232904630278483557000AUTO POSTO ESTRADAO DE ITU LTD1211201200000000004160500000000000000000000000000000012112012000000000041605000000000000000709                 900000999           09      00        
0330002300062Z70976E12187BABBAF4DD309                                         PGTFORNB12112012900000999                                                                                                                               00        
0330002300063J00034197551500000387871750000084568949044674000CENTRO AUTOMOTIVO ITUZAO LTDA 1211201200000000003878700000000000000000000000000000012112012000000000038787000000000000000710                 900001000           09      00        
0330002300064Z70976E12B31082531FD2B52                                         PGTFORNB12112012900001000                                                                                                                               00        
0330002300065J00034191551300000831271570228811856260139677000ABDELNOR II COM COMB LTDA     1011201200000000008312700000000000000000000000000000012112012000000000083127000000000000000711                 900001001           09      00        
0330002300066Z70976E1A3525229FF8F7028                                         PGTFORNB12112012900001001                                                                                                                               00        
0330002300067J00034193551500000339571123941117130017749003000DOVAC IND COM LTDA            1211201200000000003395700000000000169700000000000000012112012000000000032260000000000000000666                 900000961           09      00        
0330002300068Z70976E147E5A917EC8B434B                                         PGTFORNB12112012900000961                                                                                                                               00        
0330002300069J00034194551500000105351123015727912938000052000EATON LTDA                    1211201200000000001053500000000000000000000000000000012112012000000000010535000000000000000667                 900000962           09      00        
0330002300070Z70976E19C7252007F87697D                                         PGTFORNB12112012900000962                                                                                                                               00        
0330002300071J00034193551500001203841124638832002938000052000EATON LTDA                    1211201200000000012038400000000000000000000000000000012112012000000000120384000000000000000668                 900000963           09      00        
0330002300072Z70976E191EAFF378066C3D6                                         PGTFORNB12112012900000963                                                                                                                               00        
0330002300073J00034195551500000265641124638831272938000052000EATON LTDA                    1211201200000000002656400000000000000000000000000000012112012000000000026564000000000000000669                 900000964           09      00        
0330002300074Z70976E1AA16D4B8EBC14B72                                         PGTFORNB12112012900000964                                                                                                                               00        
0330002300075J00034192551500000877971124008378302938107808000ELIVEL AUTOMOTORES LTDA       1211201200000000008779700000000000000000000000000000012112012000000000087797000000000000000670                 900000965           09      00        
0330002300076Z70976E12444370F4BEA72BE                                         PGTFORNB12112012900000965                                                                                                                               00        
0330002300077J00000191551500002087490000001514623441993828411HAIRAM IND E COM DE AUTOPECAS 1211201200000000020874900000000000000000000000000000012112012000000000208749000000000000000672                 900000967           09      00        
0330002300078Z70976E1B5A798845BB583B2                                         PGTFORNB12112012900000967                                                                                                                               00        
0330002300079J00034194551500000366791090303990350109276204000GIRANDO COM DE PECAS LTDA     1211201200000000003667900000000000000000000000000000012112012000000000036679000000000000000671                 900000966           09      00        
0330002300080Z70976E16E2EDF88C42526F2                                         PGTFORNB12112012900000966                                                                                                                               00        
0330002300081J00034193551500000365621123941272970017301896000LUKSNOVA SA IND E COM LTDA    1211201200000000003656200000000000190300000000000000012112012000000000034659000000000000000675                 900000969           09      00        
0330002300082Z70976E1F88420D1BBA50A0F                                         PGTFORNB12112012900000969                                                                                                                               00        
0330002300083J00034191551500000342111125077156402938025125000MAHLE METAL LEVE SA           1211201200000000003421100000000000000000000000000000012112012000000000034211000000000000000676                 900000970           09      00        
0330002300084Z70976E1FD2192EE646A7D4A                                         PGTFORNB12112012900000970                                                                                                                               00        
0330002300085J00023797551500000412753394090000009653100324600MORELATE DISTR DE AUTOPECAS LT1211201200000000004127500000000000000000000000000000012112012000000000041275000000000000000677                 900000971           09      00        
0330002300086Z70976E1BCEE0AEB0A3B7FC3                                         PGTFORNB12112012900000971                                                                                                                               00        
0330002300087J00034191551300000039001124863225820076000777000CENTER PECAS FABBRI LTDA      1011201200000000000390000000000000000000000000000000012112012000000000003900000000000000000629                 900000925           09      00        
0330002300088Z70976E174241365A919A13E                                         PGTFORNB12112012900000925                                                                                                                               00        
0330002300089J00034197551300000108001124863226240076000777000CENTER PECAS FABBRI LTDA      1011201200000000001080000000000000000000000000000000012112012000000000010800000000000000000630                 900000926           09      00        
0330002300090Z70976E1DA8AEE2BB46D595B                                         PGTFORNB12112012900000926                                                                                                                               00        
0330002300091J00034199551300000282001124863226160076000777000CENTER PECAS FABBRI LTDA      1011201200000000002820000000000000000000000000000000012112012000000000028200000000000000000631                 900000927           09      00        
0330002300092Z70976E1AE99EAF9A5A5D6C0                                         PGTFORNB12112012900000927                                                                                                                               00        
0330002300093J00034195551300000028001124863225900076000777000CENTER PECAS FABBRI LTDA      1011201200000000000280000000000000000000000000000000012112012000000000002800000000000000000632                 900000928           09      00        
0330002300094Z70976E15036195406C8046C                                         PGTFORNB12112012900000928                                                                                                                               00        
0330002300095J00034199551300000073501124863226080076000777000CENTER PECAS FABBRI LTDA      1011201200000000000735000000000000000000000000000000012112012000000000007350000000000000000633                 900000929           09      00        
0330002300096Z70976E184010393863D2066                                         PGTFORNB12112012900000929                                                                                                                               00        
0330002300097J00034199551300000406901125498942390249809195000DRIVEWAY IND BRASIL AUT PEC LT1011201200000000004069000000000000000000000000000000012112012000000000040690000000000000000634                 900000930           09      00        
0330002300098Z70976E1127747E404AAC750                                         PGTFORNB12112012900000930                                                                                                                               00        
0330002300099J00034192551300001082901124092103932938000052000EATON LTDA                    1011201200000000010829000000000000000000000000000000012112012000000000108290000000000000000635                 900000931           09      00        
0330002300100Z70976E1145D0C1375CFFBF6                                         PGTFORNB12112012900000931                                                                                                                               00        
0330002300101J00034191551300003739791124565563672938000052000EATON LTDA                    1011201200000000037397900000000000000000000000000000012112012000000000373979000000000000000636                 900000932           09      00        
0330002300102Z70976E1D39940B9752FF3F7                                         PGTFORNB12112012900000932                                                                                                                               00        
0330002300103J00034191551300000721941124092114252938000052000EATON LTDA                    1011201200000000007219400000000000000000000000000000012112012000000000072194000000000000000637                 900000933           09      00        
0330002300104Z70976E1B15BAFD6BCF3EB55                                         PGTFORNB12112012900000933                                                                                                                               00        
0330002300105J00039992551300000357981762007997904570524809001F CONFUORTO IND COM PCS LTDA  1011201200000000003579800000000000000000000000000000012112012000000000035798000000000000000638                 900000934           09      00        
0330002300106Z70976E19D8AB9851BFA60A7                                         PGTFORNB12112012900000934                                                                                                                               00        
0330002300107J00023793551300000080363372190000001164805069000FELIVEL DISTR CAMINHOES LTDA  1011201200000000000803600000000000000000000000000000012112012000000000008036000000000000000639                 900000935           09      00        
0330002300108Z70976E1D498C5F5F37FDAA7                                         PGTFORNB12112012900000935                                                                                                                               00        
0330002300109J00034198551300001204191125297076582938017569000FRAS-LE SA                    1011201200000000012041900000000000000000000000000000012112012000000000120419000000000000000640                 900000936           09      00        
0330002300110Z70976E1214FA35440007188                                         PGTFORNB12112012900000936                                                                                                                               00        
0330002300111J00023792551300000278603394090000011124200324600MORELATE DISTR AUTOPECAS LTDA 1011201200000000002786000000000000000000000000000000012112012000000000027860000000000000000641                 900000937           09      00        
0330002300112Z70976E17191B6340264F1A4                                         PGTFORNB12112012900000937                                                                                                                               00        
0330002300113J00000194551300000363440000002096856000002162817PRV COMERCIO DE PECAS LTDA    1011201200000000003634400000000000000000000000000000012112012000000000036344000000000000000642                 900000938           09      00        
0330002300114Z70976E15464D318A11BF997                                         PGTFORNB12112012900000938                                                                                                                               00        
0330002300115J00023791551300000170002857091322850690400000320RIO PARDO COML DISTR LTDA     1011201200000000001700000000000000000000000000000000012112012000000000017000000000000000000643                 900000939           09      00        
0330002300116Z70976E1E15F1BF9AF418CDB                                         PGTFORNB12112012900000939                                                                                                                               00        
0330002300117J00023792551300000748093395061180232801600028140ROCHESTER DISTR DE AUTOPECAS S1011201200000000007480900000000000000000000000000000012112012000000000074809000000000000000644                 900000940           09      00        
0330002300118Z70976E1C5F040CB163CD2BB                                         PGTFORNB12112012900000940                                                                                                                               00        
0330002300119J00000199551300001823680000001244482993005360217RPT DIS DE AUTOPECAS          1011201200000000018236800000000000000000000000000000012112012000000000182368000000000000000645                 900000941           09      00        
0330002300120Z70976E174C08E0566EADEC9                                         PGTFORNB12112012900000941                                                                                                                               00        
0330002300121J00034191551400000233831124951695450237417159000ACCIOLY SA IMP E COM          1111201200000000002338300000000000000000000000000000012112012000000000023383000000000000000646                 900000942           09      00        
0330002300122Z70976E1EA239C5C77006F85                                         PGTFORNB12112012900000942                                                                                                                               00        
0330002300123J00023791551400000640760119060000000911300682000CORCERAMA COM AUTOPECAS LTDA  1111201200000000006407600000000000000000000000000000012112012000000000064076000000000000000647                 900000943           09      00        
0330002300124Z70976E1EAE94E017BC0EB44                                         PGTFORNB12112012900000943                                                                                                                               00        
0330002300125J00000191551400001545884584341663700370004790718DB DISTR DE BATERIAS LTDA     1111201200000000015458800000000000000000000000000000012112012000000000154588000000000000000648                 900000944           09      00        
0330002300126Z70976E1671DB03ADC676838                                         PGTFORNB12112012900000944                                                                                                                               00        
0330002300127J00000198551400000990984584341663800370004790718DB DISTR DE BATERIAS LTDA     1111201200000000009909800000000000000000000000000000012112012000000000099098000000000000000649                 900000945           09      00        
0330002300128Z70976E1A2F9C7B93C035B99                                         PGTFORNB12112012900000945                                                                                                                               00        
0330002300129J00034198551400000035321124638787702938000052000EATON LTDA                    1111201200000000000353200000000000000000000000000000012112012000000000003532000000000000000650                 900000946           09      00        
0330002300130Z70976E12F3C9F8F3DD8D1D7                                         PGTFORNB12112012900000946                                                                                                                               00        
0330002300131J00034191551400000192451124638794142938000052000EATON LTDA                    1111201200000000001924500000000000000000000000000000012112012000000000019245000000000000000651                 900000947           09      00        
0330002300132Z70976E199FE3AEBBB8388F2                                         PGTFORNB12112012900000947                                                                                                                               00        
0330002300133J00034191551400002550341124638791742938000052000EATON LTDA                    1111201200000000025503400000000000000000000000000000012112012000000000255034000000000000000652                 900000948           09      00        
0330002300134Z70976E13AB9CB76B85418A3                                         PGTFORNB12112012900000948                                                                                                                               00        
0330002300135J00023796551400000976722709091323114790500148090GUETTI COML ATACADISTA LTDA   1111201200000000009767200000000000000000000000000000012112012000000000097672000000000000000653                 900000949           09      00        
0330002300136Z70976E1B9B1609DC5FCC5F6                                         PGTFORNB12112012900000949                                                                                                                               00        
0330002300137J00000194551400000124310000001216979441511878731NOVA DISTR DE VEICULOS LTDA   1111201200000000001243100000000000000000000000000000012112012000000000012431000000000000000655                 900000950           09      00        
0330002300138Z70976E19D89BDA1E8493BB9                                         PGTFORNB12112012900000950                                                                                                                               00        
0330002300139J00034191551400000440031090012395161446624742000PACCINI CIA LTDA              1111201200000000004400300000000000000000000000000000012112012000000000044003000000000000000656                 900000951           09      00        
0330002300140Z70976E1E2B1A68A5A9DBE6E                                         PGTFORNB12112012900000951                                                                                                                               00        
0330002300141J00023796551400000849773395061180232802500028140ROCHESTER DISTR DE AUTOPECAS S1111201200000000008497700000000000000000000000000000012112012000000000084977000000000000000657                 900000952           09      00        
0330002300142Z70976E17F1B64715C17B39E                                         PGTFORNB12112012900000952                                                                                                                               00        
0330002300143J00000193551400006835660000001291892000004263417VESPOR AUTOMOTIVE DISTR AUTOPE1111201200000000068356600000000000000000000000000000012112012000000000683566000000000000000658                 900000953           09      00        
0330002300144Z70976E1C0BBBDB16982174E                                         PGTFORNB12112012900000953                                                                                                                               00        
0330002300145J00000191551400002681090000001148003000006841417VESPOR AUTOMOTIVE DISTR AUTOPE1111201200000000026810900000000000000000000000000000012112012000000000268109000000000000000659                 900000954           09      00        
0330002300146Z70976E1FB84194F46A0F7E2                                         PGTFORNB12112012900000954                                                                                                                               00        
0330002300147J00023791551500000221233371090000833720400719500AVEBRAZ COM DE VEICULOS E PECA1211201200000000002212300000000000000000000000000000012112012000000000022123000000000000000660                 900000955           09      00        
0330002300148Z70976E1FA83B6B116CA9C00                                         PGTFORNB12112012900000955                                                                                                                               00        
0330002300149J00023799551500001283503381090000008387301801540BRASILWAGEN COM VEICULOS SA   1211201200000000012835000000000000000000000000000000012112012000000000128350000000000000000661                 900000956           09      00        
0330002300150Z70976E104729A66B8B7F34D                                         PGTFORNB12112012900000956                                                                                                                               00        
03300025         000152000000000008205739000000000000000000311112                                                                                                                                                                               
03300031C2003031 2054375370001370033006500490028050300065 0000480000414 AUTO GERAL DE ITU LTDA                                                                              00000                                   00000000                    
0330003300001A00070039900454000000000575219TRELLEBORG AUTOMOTIVA DO BRASI713                 12112012BRL000000000000000000000000298022900001003           12112012000000000298022                                        07          000        
0330003300002B   203249921000180                              00000                                                  00000000  121120120000000002980220000000000000000000000000000000000000000000000000000000000000000                00        
0330003300003Z70976E1F57EA57DBF19B92E                                         PGTFORNB12112012900001003                                                                                                                               00        
0330003300004A0007003410094000000000192784 THV AUTOMOTIVA IND E COM LTDA 714                 12112012BRL000000000000000000000000267867900001004           12112012000000000267867                                        07          000        
0330003300005B   267528463000100                              00000                                                  00000000  121120120000000002678670000000000000000000000000000000000000000000000000000000000000000                00        
0330003300006Z70976E1C59B53860658C73C                                         PGTFORNB12112012900001004                                                                                                                               00        
03300035         000008000000000000565889000000000000000000031112                                                                                                                                                                               
03399999         000003000178000000                                                                                                                                                                                                             
