03300000         2054375370001370033006500490028050300065 0000480000414 AUTO GERAL DE ITU LTDA        SANTANDER                               22202201302162200023406000000                                                                     
03300011C2030030 2054375370001370033006500490028050300065 0000480000414 AUTO GERAL DE ITU LTDA                                                                              00000                                   00000000                    
0330001300001J00003399561700001244809482966200000024926950104CAR CENTRAL DE AUTOPECAS E ROL22022013000000000124480000000000000000000000000000000220220130000000001244800000000000000004201                900004482           09      01        
0330001300002J00035691561700000134680689070323430000003262995DISTRIBUIDORA AUTOMOTIVA S/A  22022013000000000013468000000000000000000000000000000220220130000000000134680000000000000004221                900004504           09      00        
0330001300003Z70976E100F1704AEFEB2639                                         PGTFORNB22022013900004504                                                                                                                               00        
0330001300004J00035694561700000177870689070323420000003263101DISTRIBUIDORA AUTOMOTIVA S/A  22022013000000000017787000000000000000000000000000000220220130000000000177870000000000000004222                900004505           09      00        
0330001300005Z70976E1AA31CA0FED09340E                                         PGTFORNB22022013900004505                                                                                                                               00        
0330001300006J00003396561700001149119482966200000025363660104CAR CENTRAL DE AUTOPECAS E ROL22022013000000000114911000000000000000000000000000000220220130000000001149110000000000000004202                900004483           09      01        
03300015         000008000000000000270646000000000000000000300222                                                                                                                                                                               
03300021C2031030 2054375370001370033006500490028050300065 0000480000414 AUTO GERAL DE ITU LTDA                                                                              00000                                   00000000                    
0330002300001J00034199561700000099081127691997492938036635000DAYCO POWER TRANSMISSION      22022013000000000009908000000000000000000000000000000220220130000000000099080000000000000004219                900004502           09      00        
0330002300002Z70976E120BE2D4082C4BB19                                         PGTFORNB22022013900004502                                                                                                                               00        
0330002300003J00034191561700002477891090020012061012930309000DECAR AUTOPECAS LTDA          22022013000000000247789000000000000000000000000000000220220130000000002477890000000000000004220                900004503           09      00        
0330002300004Z70976E1482F898974BE1D64                                         PGTFORNB22022013900004503                                                                                                                               00        
0330002300005J00023795561700001856191226091330490012400000070APLIC COM IND DE AUTO PECAS LT22022013000000000185619000000000000000000000000000000220220130000000001856190000000000000004199                900004484           09      00        
0330002300006Z70976E1891D1DFD087B0079                                         PGTFORNB22022013900004484                                                                                                                               00        
0330002300007J00034193561700000494191127567045762938000052000EATON LTDA                    22022013000000000049419000000000000000000000000000000220220130000000000494190000000000000004223                900004506           09      00        
0330002300008Z70976E13F6293CB7393ED02                                         PGTFORNB22022013900004506                                                                                                                               00        
0330002300009J00034194561700000960481127942317152938000052000EATON LTDA                    22022013000000000096048000000000000000000000000000000220220130000000000960480000000000000004224                900004507           09      00        
0330002300010Z70976E126C49B7513B55EDF                                         PGTFORNB22022013900004507                                                                                                                               00        
0330002300011J00034191561700000548251127928460012938107808000ELIVEL AUTOMOTORES LTDA       22022013000000000054825000000000000000000000000000000220220130000000000548250000000000000004225                900004508           09      00        
0330002300012Z70976E1C31C2D1BAC620812                                         PGTFORNB22022013900004508                                                                                                                               00        
0330002300013J00034198561700000609361127928476602938107808000ELIVEL AUTOMOTORES LTDA       22022013000000000060936000000000000000000000000000000220220130000000000609360000000000000004226                900004509           09      00        
0330002300014Z70976E1107A720935F9E210                                         PGTFORNB22022013900004509                                                                                                                               00        
0330002300015J00034192561700000384391090304524610109276204000GIRANDO COMERCIO DE PECAS LTDA22022013000000000038439000000000000000000000000000000220220130000000000384390000000000000004227                900004510           09      00        
0330002300016Z70976E13897CFE6A9037A61                                         PGTFORNB22022013900004510                                                                                                                               00        
0330002300017J00034198561700000233951090304517520109276204000GIRANDO COMERCIO DE PECAS LTDA22022013000000000023395000000000000000000000000000000220220130000000000233950000000000000004228                900004511           09      00        
0330002300018Z70976E186B3315021CC24B6                                         PGTFORNB22022013900004511                                                                                                                               00        
0330002300019J00034191561700000249001127798653620585501331000LUPORINI DISTR DE AUTOPECAS LT22022013000000000024900000000000000000000000000000000220220130000000000249000000000000000004229                900004512           09      00        
0330002300020Z70976E10ACA2D11868A6951                                         PGTFORNB22022013900004512                                                                                                                               00        
0330002300021J00034196561700004283781127685162652938025125000MAHLE METAL LEVE S/A          22022013000000000428378000000000000000000000000000000220220130000000004283780000000000000004230                900004513           09      00        
0330002300022Z70976E1CE70C4B4011B5D7E                                         PGTFORNB22022013900004513                                                                                                                               00        
0330002300023J00034191561700003671851127685162572938025125000MAHLE METAL LEVE S/A          22022013000000000367185000000000000000000000000000000220220130000000003671850000000000000004231                900004514           09      00        
0330002300024Z70976E11D8427893062A1A2                                         PGTFORNB22022013900004514                                                                                                                               00        
0330002300025J00034194561700000150881127685162402938025125000MAHLE METAL LEVE S/A          22022013000000000015088000000000000000000000000000000220220130000000000150880000000000000004232                900004515           09      00        
0330002300026Z70976E1C926E75A6148FF2B                                         PGTFORNB22022013900004515                                                                                                                               00        
0330002300027J00034194561700000075441127685161902938025125000MAHLE METAL LEVE S/A          22022013000000000007544000000000000000000000000000000220220130000000000075440000000000000004233                900004516           09      00        
0330002300028Z70976E12D4BC7B1500D11CC                                         PGTFORNB22022013900004516                                                                                                                               00        
0330002300029J00010494561700000620163164659900100040000006950MD CAR COM DE PRODUTOS AUTOMOT22022013000000000062016000000000000000000000000000000220220130000000000620160000000000000004234                900004517           09      00        
0330002300030Z70976E1C8ACC1BB820E82D8                                         PGTFORNB22022013900004517                                                                                                                               00        
0330002300031J00023792561700015076213372093039000001305096800METALURGICA SCHADEK LTDA      22022013000000001507621000000000000000000000000000000220220130000000015076210000000000000004235                900004518           09      00        
0330002300032Z70976E11E264FE0191A2D9E                                         PGTFORNB22022013900004518                                                                                                                               00        
0330002300033J00039991561700000392008144669796004540096965001PELLEGRINO DISTRIBUIDORA DE AU22022013000000000039200000000000000000000000000000000220220130000000000392000000000000000004236                900004519           09      00        
0330002300034Z70976E1674A2C75714F66E5                                         PGTFORNB22022013900004519                                                                                                                               00        
0330002300035J00034192561700000979001126911708918514325201000BODIPASA BOMBAS DIESEL PAULIST22022013000000000097900000000000000000000000000000000220220130000000000979000000000000000004200                900004485           09      00        
0330002300036Z70976E170A094D154B9B31F                                         PGTFORNB22022013900004485                                                                                                                               00        
0330002300037J00039997561700000391251768236275804061860231001CAR CENTRAL DE AUTOPECAS E ROL22022013000000000039125000000000000000000000000000000220220130000000000391250000000000000004203                900004486           09      00        
0330002300038Z70976E1398DF9EAA94669CC                                         PGTFORNB22022013900004486                                                                                                                               00        
0330002300039J00039991561700000282291768558888904061860231001CAR CENTRAL DE AUTOPECAS E ROL22022013000000000028229000000000000000000000000000000220220130000000000282290000000000000004204                900004487           09      00        
0330002300040Z70976E16AB011CB3C0C1C69                                         PGTFORNB22022013900004487                                                                                                                               00        
0330002300041J00039998561700000285401768236292804061860231001CAR CENTRAL DE AUTOPECAS E ROL22022013000000000028540000000000000000000000000000000220220130000000000285400000000000000004205                900004488           09      00        
0330002300042Z70976E1DFFB4965E6744188                                         PGTFORNB22022013900004488                                                                                                                               00        
0330002300043J00039994561700000162791768558901004061860231001CAR CENTRAL DE AUTOPECAS E ROL22022013000000000016279000000000000000000000000000000220220130000000000162790000000000000004206                900004489           09      00        
0330002300044Z70976E1F6D700897432A4D2                                         PGTFORNB22022013900004489                                                                                                                               00        
0330002300045J00023798561700000273750138093023000003101370000BBL SISTEMAS OPERACIONAIS LTDA22022013000000000027375000000000000000000000000000000220220130000000000273750000000000000004207                900004490           09      00        
0330002300046Z70976E16517568AFAA36D92                                         PGTFORNB22022013900004490                                                                                                                               00        
0330002300047J00034198561700000289001127871284150076000777000CENTER PECAS FABBRI LTDA      22022013000000000028900000000000000000000000000000000220220130000000000289000000000000000004208                900004491           09      00        
0330002300048Z70976E155D386556F970C90                                         PGTFORNB22022013900004491                                                                                                                               00        
0330002300049J00034191561700000071501127871284720076000777000CENTER PECAS FABBRI LTDA      22022013000000000007150000000000000000000000000000000220220130000000000071500000000000000004209                900004492           09      00        
0330002300050Z70976E132FFA8575D898D65                                         PGTFORNB22022013900004492                                                                                                                               00        
0330002300051J00034191561700000086501127871284230076000777000CENTER PECAS FABBRI LTDA      22022013000000000008650000000000000000000000000000000220220130000000000086500000000000000004210                900004493           09      00        
0330002300052Z70976E1E6FEC2D94A450C38                                         PGTFORNB22022013900004493                                                                                                                               00        
0330002300053J00034193561700000038001127871284310076000777000CENTER PECAS FABBRI LTDA      22022013000000000003800000000000000000000000000000000220220130000000000038000000000000000004211                900004494           09      00        
0330002300054Z70976E160596715AD48C557                                         PGTFORNB22022013900004494                                                                                                                               00        
0330002300055J00034193561700000037401127871284800076000777000CENTER PECAS FABBRI LTDA      22022013000000000003740000000000000000000000000000000220220130000000000037400000000000000004212                900004495           09      00        
0330002300056Z70976E1549BDA3AFA115898                                         PGTFORNB22022013900004495                                                                                                                               00        
0330002300057J00039991561700005314441768557462402680075859001COBRA ROLAMENTOS E AUTO PECAS 22022013000000000531444000000000000000000000000000000220220130000000005314440000000000000004213                900004496           09      00        
0330002300058Z70976E19857C48178C7C801                                         PGTFORNB22022013900004496                                                                                                                               00        
0330002300059J00039996561700001053121768557507802680075859001COBRA ROLAMENTOS E AUTO PECAS 22022013000000000105312000000000000000000000000000000220220130000000001053120000000000000004214                900004497           09      00        
0330002300060Z70976E14958109041495D04                                         PGTFORNB22022013900004497                                                                                                                               00        
0330002300061J00039994561700001933301768557479902680075859001COBRA ROLAMENTOS E AUTO PECAS 22022013000000000193330000000000000000000000000000000220220130000000001933300000000000000004215                900004498           09      00        
0330002300062Z70976E124C76BA4A1AD8BAA                                         PGTFORNB22022013900004498                                                                                                                               00        
0330002300063J00039995561700000308661768557481002680075859001COBRA ROLAMENTOS E AUTO PECAS 22022013000000000030866000000000000000000000000000000220220130000000000308660000000000000004216                900004499           09      00        
0330002300064Z70976E140048CDDFB13DD3D                                         PGTFORNB22022013900004499                                                                                                                               00        
0330002300065J00039991561700000100002065410035801852365622001PORT ROYAL DISTR DE VEICULOS L22022013000000000010000000000000000000000000000000000220220130000000000100000000000000000004237                900004520           09      00        
0330002300066Z70976E1DFB3934637A38594                                         PGTFORNB22022013900004520                                                                                                                               00        
0330002300067J00039994561700000581083133539312305313093513001REAL MOTO PECAS LTDA          22022013000000000058108000000000000000000000000000000220220130000000000581080000000000000004238                900004521           09      00        
0330002300068Z70976E1BB87F223C9316591                                         PGTFORNB22022013900004521                                                                                                                               00        
0330002300069J00039997561700002681283133538450705313093513001REAL MOTO PECAS LTDA          22022013000000000268128000000000000000000000000000000220220130000000002681280000000000000004239                900004522           09      00        
0330002300070Z70976E1128CDB68F4E39787                                         PGTFORNB22022013900004522                                                                                                                               00        
0330002300071J00039994561700000805623133521709005313093513001REAL MOTO PECAS LTDA          22022013000000000080562000000000000000000000000000000220220130000000000805620000000000000004240                900004523           09      00        
0330002300072Z70976E163DCE35BB4875F3A                                         PGTFORNB22022013900004523                                                                                                                               00        
0330002300073J00023793561700002389740738093025000002200063200SARAIVA DISTR. AUTO PECAS LTDA22022013000000000238974000000000000000000000000000000220220130000000002389740000000000000004241                900004524           09      00        
0330002300074Z70976E1D552F2B92B33892E                                         PGTFORNB22022013900004524                                                                                                                               00        
0330002300075J00023794561700000521940738093025000011300063200SARAIVA DISTR. AUTO PECAS LTDA22022013000000000052194000000000000000000000000000000220220130000000000521940000000000000004242                900004525           09      00        
0330002300076Z70976E18B07A96CD392A1B4                                         PGTFORNB22022013900004525                                                                                                                               00        
0330002300077J00000196561700000669840000002175416000003385317SK AUTOMOTIVE S/A DISTR AUTOPE22022013000000000066984000000000000000000000000000000220220130000000000669840000000000000004243                900004526           09      00        
0330002300078Z70976E14B1B1F687FDAE784                                         PGTFORNB22022013900004526                                                                                                                               00        
0330002300079J00000191561700000521500000002175416000003389717SK AUTOMOTIVE S/A DISTR AUTOPE22022013000000000052150000000000000000000000000000000220220130000000000521500000000000000004244                900004527           09      00        
0330002300080Z70976E1B56B8BE294946BA6                                         PGTFORNB22022013900004527                                                                                                                               00        
0330002300081J00023794561700000288483395090000005282500650000SORANA SUL                    22022013000000000028848000000000000000000000000000000220220130000000000288480000000000000004245                900004528           09      00        
0330002300082Z70976E1A8D15151EE8C4BA5                                         PGTFORNB22022013900004528                                                                                                                               00        
0330002300083J00034198564600025214001092220142642938014558000SODEXO PASS DO BRASIL SERV. CO23032013000000002521400000000000000000000000000000000220220130000000025214000000000000000004246                900004529           09      00        
0330002300084Z70976E10DF3B3D41412A9DF                                         PGTFORNB22022013900004529                                                                                                                               00        
0330002300085J00034191561700001158141571671894014522114471000COML NV MILLENNIUN A P LTDA EP22022013000000000115814000000000005790000000000000000220220130000000001100240000000000000004217                900004500           09      00        
0330002300086Z70976E1F949BD11CB112957                                         PGTFORNB22022013900004500                                                                                                                               00        
0330002300087J00034191561700000564141127691997312938036635000DAYCO POWER TRANSMISSION      22022013000000000056414000000000000000000000000000000220220130000000000564140000000000000004218                900004501           09      00        
0330002300088Z70976E12DDDFE38B4FD3A17                                         PGTFORNB22022013900004501                                                                                                                               00        
03300025         000090000000000007912736000000000000000000310222                                                                                                                                                                               
03300031C2003031 2054375370001370033006500490028050300065 0000480000414 AUTO GERAL DE ITU LTDA                                                                              00000                                   00000000                    
0330003300001A0007000010154660000002050374 GERAL PARTS COM PECAS E ABRASI4247                22022013BRL000000000000000000000000018543900004481           22022013000000000018543                                        07          000        
0330003300002B   252472438000176                              00000                                                  00000000  220220130000000000185430000000000000000000000000000000000000000000000000000000000000000                00        
0330003300003Z70976E1313556840A06707E                                         PGTFORNB22022013900004481                                                                                                                               00        
03300035         000005000000000000018543000000000000000000030222                                                                                                                                                                               
03399999         000003000105000000                                                                                                                                                                                                             
