03300000         2054375370001370033006500490028050300065 0000480000414 AUTO GERAL DE ITU LTDA        SANTANDER                               20412201202182600008106000000                                                                     
03300011C2030030 2054375370001370033006500490028050300065 0000480000414 AUTO GERAL DE ITU LTDA                                                                              00000                                   00000000                    
0330001300001J00003391553700002080369329854000000000097250203LEAL CARNEIRO E CIA LTDA      04122012000000000208036000000000000000000000000000000041220120000000002080360000000000000001414                900001702           09      00        
0330001300002Z70976E1C35B8B9010E49D58                                         PGTFORNB04122012900001702                                                                                                                               00        
03300015         000004000000000000208036000000000000000000301204                                                                                                                                                                               
03300021C2031030 2054375370001370033006500490028050300065 0000480000414 AUTO GERAL DE ITU LTDA                                                                              00000                                   00000000                    
0330002300001J00034198553700000138671125318889422938000052000EATON  LTDA                   04122012000000000013867000000000000000000000000000000041220120000000000138670000000000000001408                900001703           09      00        
0330002300002Z70976E1A59548B3EB9C52E4                                         PGTFORNB04122012900001703                                                                                                                               00        
0330002300003J00039991553700000544451761638776604570524809001F CONFUORTO IND COM PCS LTDA  04122012000000000054445000000000000000000000000000000041220120000000000544450000000000000001409                900001704           09      00        
0330002300004Z70976E1CD5C88E5966E6261                                         PGTFORNB04122012900001704                                                                                                                               00        
0330002300005J00039999553700001025181763494287404570524809001F CONFUORTO IND COM PCS LTDA  04122012000000000102518000000000000000000000000000000041220120000000001025180000000000000001410                900001705           09      00        
0330002300006Z70976E1015C1B33C44D9BFB                                         PGTFORNB04122012900001705                                                                                                                               00        
0330002300007J00034199553700000270691125116038650046365078000FELICIO VIGORITO FILHOS LTDA  04122012000000000027069000000000000000000000000000000041220120000000000270690000000000000001411                900001706           09      00        
0330002300008Z70976E1720C744ADD972466                                         PGTFORNB04122012900001706                                                                                                                               00        
0330002300009J00023791553700000810001286092277000004600121220LANCE CAPITAL FACTORING E FOME04122012000000000081000000000000000000000000000000000041220120000000000810000000000000000001412                900001707           09      00        
0330002300010Z70976E13872044AF2E460F4                                         PGTFORNB04122012900001707                                                                                                                               00        
0330002300011J00034199553700000270981090000189080242411544000GLOBAL FLEX IMPRESS FLEX LTDA 04122012000000000027098000000000000000000000000000000041220120000000000270980000000000000001413                900001708           09      00        
0330002300012Z70976E1E697749DB6441DDF                                         PGTFORNB04122012900001708                                                                                                                               00        
0330002300013J00034195553700000744991124653154258351016152000MANDO MACHINERY LTDA          04122012000000000074499000000000000000000000000000000041220120000000000744990000000000000001415                900001709           09      00        
0330002300014Z70976E1D2B5CAE36913BC0F                                         PGTFORNB04122012900001709                                                                                                                               00        
0330002300015J00023797553700002661442028192326000002500375550MASTER SISTEMAS AUTOMOTIVOS LT04122012000000000266144000000000000000000000000000000041220120000000002661440000000000000001416                900001710           09      00        
0330002300016Z70976E191EF8C2F8ADBFC52                                         PGTFORNB04122012900001710                                                                                                                               00        
0330002300017J00023796553700000687443394090000009290800324600MORELATE DISTR AUTOPECAS LTDA 04122012000000000068744000000000000000000000000000000041220120000000000687440000000000000001417                900001711           09      00        
0330002300018Z70976E1EB02786C350E450E                                         PGTFORNB04122012900001711                                                                                                                               00        
0330002300019J00023791553700000253200151097777002759201515190NOSSO ESTOQUE DISTRIBUICAO LTD04122012000000000025320000000000000000000000000000000041220120000000000253200000000000000001418                900001712           09      00        
0330002300020Z70976E1F1795582ECC75AF3                                         PGTFORNB04122012900001712                                                                                                                               00        
0330002300021J00034195553700002104611126200558583048155083000PARQUE DIST SUPRIMENTOS PARA E04122012000000000210461000000000000000000000000000000041220120000000002104610000000000000001419                900001713           09      00        
0330002300022Z70976E1C33C93B1B145B5AB                                         PGTFORNB04122012900001713                                                                                                                               00        
0330002300023J00039997553700007167052053177714005313093513001REAL MOTO PECAS LTDA          04122012000000000716705000000000000000000000000000000041220120000000007167050000000000000001420                900001714           09      00        
0330002300024Z70976E1879F491281961A87                                         PGTFORNB04122012900001714                                                                                                                               00        
0330002300025J00023791553700001333163372091123260496300731020MAGGI AUTOMOVEIS LTDA         04122012000000000133316000000000000000000000000000000041220120000000001333160000000000000001421                900001715           09      00        
0330002300026Z70976E1C4EC89DF097972D8                                         PGTFORNB04122012900001715                                                                                                                               00        
0330002300027J00034199553700000919021090000001650278683974000CRISTIANE R A FERNANDES ME    04122012000000000091902000000000000000000000000000000041220120000000000919020000000000000001422                900001716           09      00        
0330002300028Z70976E183EA15E226320533                                         PGTFORNB04122012900001716                                                                                                                               00        
0330002300029J00000196553700001200000000002384522000000011417MPB MAQUINAS 2007 IND COM E SE04122012000000000120000000000000000000000000000000000041220120000000001200000000000000000001423                900001717           09      00        
0330002300030Z70976E188039C9B2AFF4566                                         PGTFORNB04122012900001717                                                                                                                               00        
03300025         000032000000000002013088000000000000000000311204                                                                                                                                                                               
03300031C2003031 2054375370001370033006500490028050300065 0000480000414 AUTO GERAL DE ITU LTDA                                                                              00000                                   00000000                    
0330003300001A00070039900454000000000575219TRELLEBORG AUTOMOTIVE DO BRASI1426                04122012BRL000000000000000000000000097637900001700           04122012000000000097637                                        07          000        
0330003300002B   203249921000180                              00000                                                  00000000  041220120000000000976370000000000000000000000000000000000000000000000000000000000000000                00        
0330003300003Z70976E17A30BB972EE96DAF                                         PGTFORNB04122012900001700                                                                                                                               00        
03300035         000005000000000000097637000000000000000000031204                                                                                                                                                                               
03399999         000003000043000000                                                                                                                                                                                                             
