03300000         2054375370001370033006500490028050300065 0000480000414 AUTO GERAL DE ITU LTDA        SANTANDER                               21712201216211700010406000000                                                                     
03300011C2011030 2054375370001370033006500490028050300065 0000480000414 AUTO GERAL DE ITU LTDA                                                                              00000                                   00000000                    
0330001300001O00083600000002005701103002152045730210005915431CIA PIRATININGA DE FORCA E LUZ17122012171220120000000000200571937                900002229                                                                               00        
0330001300002Z70976E1C9527BBCBD4AF7EA                                         PGTFORNB17122012900002229                                                                                                                               00        
03300015         000004000000000000020057000000000000000000111217                                                                                                                                                                               
03300021C2003031 2054375370001370033006500490028050300065 0000480000414 AUTO GERAL DE ITU LTDA                                                                              00000                                   00000000                    
0330002300001A0000183410016800000000435800 MEGA FREIOS DISTR E SERVS P/ V1938                17122012BRL000000000000000000000001157004900002138           17122012000000001157004                                        05          000        
0330002300002B   205197228000137                              00000                                                  00000000  171220120000000011570040000000000000000000000000000000000000000000000000000000000000000                00        
0330002300003Z70976E1A8CDD17AAEB99D38                                         PGTFORNB17122012900002138                                                                                                                               00        
03300025         000005000000000001157004000000000000000000031217                                                                                                                                                                               
03399999         000002000011000000                                                                                                                                                                                                             
