03300000         2054375370001370033006500490028050300065 0000480000414 AUTO GERAL DE ITU LTDA        SANTANDER                               22002201302222600022906000000                                                                     
03300011C2030030 2054375370001370033006500490028050300065 0000480000414 AUTO GERAL DE ITU LTDA                                                                              00000                                   00000000                    
0330001300001J00035697561500000351700689070323470000003262587DISTRIBUIDORA AUTOMOTIVA S/A  20022013000000000035170000000000000000000000000000000200220130000000000351700000000000000004131                900004416           09      00        
0330001300002Z70976E1F9674EEF1C2C36E5                                         PGTFORNB20022013900004416                                                                                                                               00        
0330001300003J00035693561500000194860689070323470000003262694DISTRIBUIDORA AUTOMOTIVA S/A  20022013000000000019486000000000000000000000000000000200220130000000000194860000000000000004132                900004417           09      00        
0330001300004Z70976E16B9769F31661EF24                                         PGTFORNB20022013900004417                                                                                                                               00        
0330001300005J00035693561500000203640689070323410000005573920DISTRIBUIDORA AUTOMOTIVA S/A  20022013000000000020364000000000000000000000000000000200220130000000000203640000000000000004133                900004418           09      00        
0330001300006Z70976E14BB8C29692FB2B0C                                         PGTFORNB20022013900004418                                                                                                                               00        
0330001300007J00035697561500000236250689070323440000003262572DISTRIBUIDORA AUTOMOTIVA S/A  20022013000000000023625000000000000000000000000000000200220130000000000236250000000000000004134                900004419           09      00        
0330001300008Z70976E1423AB5CEFCD556CD                                         PGTFORNB20022013900004419                                                                                                                               00        
0330001300009J00003396561500000319969421259200000000456590101GUMP MOTORS COMPONENTES AUTOMO20022013000000000031996000000000000000000000000000000200220130000000000319960000000000000004141                900004406           09      00        
0330001300010Z70976E1E367281141DC7492                                         PGTFORNB20022013900004406                                                                                                                               00        
0330001300011J00035694561500000730050872071420310000000005109INDUSTRIA METALURGICA TUPA LTD20022013000000000073005000000000000000000000000000000200220130000000000730050000000000000004143                900004427           09      00        
0330001300012Z70976E13E021AD2D098A14D                                         PGTFORNB20022013900004427                                                                                                                               00        
03300015         000014000000000000203646000000000000000000300220                                                                                                                                                                               
03300021C2031030 2054375370001370033006500490028050300065 0000480000414 AUTO GERAL DE ITU LTDA                                                                              00000                                   00000000                    
0330002300001J00023797561500000765003372097672311671000767230MAGGI VEICULOS LTDA           20022013000000000076500000000000000000000000000000000200220130000000000765000000000000000004144                900004428           09      00        
0330002300002Z70976E1C59F8E184C2E9BEF                                         PGTFORNB20022013900004428                                                                                                                               00        
0330002300003J00034194561500000223651127871283810076000777000CENTER PECAS FABBRI LTDA      20022013000000000022365000000000000000000000000000000200220130000000000223650000000000000004126                900004411           09      00        
0330002300004Z70976E175DD3000B9E7823D                                         PGTFORNB20022013900004411                                                                                                                               00        
0330002300005J00034199561500000040501127871284560076000777000CENTER PECAS FABBRI LTDA      20022013000000000004050000000000000000000000000000000200220130000000000040500000000000000004127                900004412           09      00        
0330002300006Z70976E1D38129CAB79BC65C                                         PGTFORNB20022013900004412                                                                                                                               00        
0330002300007J00023797561500000411472002061301404164100829680COMERCIAL AUTOMOTIVA S.A.     20022013000000000041147000000000000000000000000000000200220130000000000411470000000000000004128                900004413           09      00        
0330002300008Z70976E1ACAA5E6958379514                                         PGTFORNB20022013900004413                                                                                                                               00        
0330002300009J00000199561500009672524584340000000000100013421DB DISTRIBUIDORA DE BATERIAS L20022013000000000967252000000000000000000000000000000200220130000000009672520000000000000004129                900004414           09      00        
0330002300010Z70976E1F76E4B9C28F3556E                                         PGTFORNB20022013900004414                                                                                                                               00        
0330002300011J00000191561500000650634584340000000000100013321DB DISTRIBUIDORA DE BATERIAS L20022013000000000065063000000000000000000000000000000200220130000000000650630000000000000004130                900004415           09      00        
0330002300012Z70976E1304C1B3614A2368F                                         PGTFORNB20022013900004415                                                                                                                               00        
0330002300013J00034192561500000033551127899577042938000052000EATON LTDA                    20022013000000000003355000000000000000000000000000000200220130000000000033550000000000000004135                900004420           09      00        
0330002300014Z70976E11E7C68E68F3F4762                                         PGTFORNB20022013900004420                                                                                                                               00        
0330002300015J00034191561500000258061127899577952938000052000EATON LTDA                    20022013000000000025806000000000000000000000000000000200220130000000000258060000000000000004136                900004421           09      00        
0330002300016Z70976E1E5E968D9E53BAEF4                                         PGTFORNB20022013900004421                                                                                                                               00        
0330002300017J00034191561500000033551127899573572938000052000EATON LTDA                    20022013000000000003355000000000000000000000000000000200220130000000000033550000000000000004137                900004422           09      00        
0330002300018Z70976E101478367E82333BA                                         PGTFORNB20022013900004422                                                                                                                               00        
0330002300019J00023799561500000175300328090000002103700185330GENAU IND COM DE FREIOS LTDA  20022013000000000017530000000000000000000000000000000200220130000000000175300000000000000004138                900004423           09      00        
0330002300020Z70976E1F165AA813E26454E                                         PGTFORNB20022013900004423                                                                                                                               00        
0330002300021J00034195561500000100001090002046830041791401000GIBIM SEGURANCA ELETRONICA LTD20022013000000000010000000000000000000000000000000000200220130000000000100000000000000000004139                900004424           09      00        
0330002300022Z70976E1EE9AE81BD500C6AD                                         PGTFORNB20022013900004424                                                                                                                               00        
0330002300023J00034195561500000133991090304503820109276204000GIRANDO COMERCIO DE PECAS LTDA20022013000000000013399000000000000000000000000000000200220130000000000133990000000000000004140                900004425           09      00        
0330002300024Z70976E1521AD0341BE2F47F                                         PGTFORNB20022013900004425                                                                                                                               00        
0330002300025J00034197561500000946001127393978523909030599000HYDRONLUBZ IND C EQUIPAMENTOS 20022013000000000094600000000000000000000000000000000200220130000000000946000000000000000004142                900004426           09      00        
0330002300026Z70976E1F070D52C17500962                                         PGTFORNB20022013900004426                                                                                                                               00        
0330002300027J00034191561500001281491127853073422938025125000MAHLE METAL LEVE S/A          20022013000000000128149000000000000000000000000000000200220130000000001281490000000000000004145                900004429           09      00        
0330002300028Z70976E14CA90264EA3DDE9A                                         PGTFORNB20022013900004429                                                                                                                               00        
0330002300029J00034199561500000226271127853073592938025125000MAHLE METAL LEVE S/A          20022013000000000022627000000000000000000000000000000200220130000000000226270000000000000004146                900004430           09      00        
0330002300030Z70976E111E37CFE25DE29B3                                         PGTFORNB20022013900004430                                                                                                                               00        
0330002300031J00039991561500000492588144669627004540096965001PELLEGRINO DISTRIBUIDORA DE AU20022013000000000049258000000000000000000000000000000200220130000000000492580000000000000004147                900004431           09      00        
0330002300032Z70976E11522172FD572162E                                         PGTFORNB20022013900004431                                                                                                                               00        
0330002300033J00039991561500000616702696553305104540096965001PELLEGRINO DISTRIBUIDORA DE AU20022013000000000061670000000000000000000000000000000200220130000000000616700000000000000004148                900004432           09      00        
0330002300034Z70976E1C5382F2A7B31EC86                                         PGTFORNB20022013900004432                                                                                                                               00        
0330002300035J00000195561500000095000000002219956000065845818SERVTRONICA SEGURANCA ELETRONI20022013000000000009500000000000000000000000000000000200220130000000000095000000000000000004149                900004433           09      00        
0330002300036Z70976E12C8B5AF475B81380                                         PGTFORNB20022013900004433                                                                                                                               00        
0330002300037J00039991561500000480231768732348304540079149001BANCO SOFISA SA               20022013000000000048023000000000000000000000000000000200220130000000000480230000000000000004152                900004436           09      00        
0330002300038Z70976E1B5FCA81736604B6E                                         PGTFORNB20022013900004436                                                                                                                               00        
0330002300039J00023793561500000365393395090000005075700650000SORANA SUL                    20022013000000000036539000000000000000000000000000000200220130000000000365390000000000000004150                900004434           09      00        
0330002300040Z70976E1EEB174675A885C11                                         PGTFORNB20022013900004434                                                                                                                               00        
0330002300041J00023799561500000412684130074130006028100050880SOUZA RAMOS COM E IMP LTDA    20022013000000000041268000000000000000000000000000000200220130000000000412680000000000000004151                900004435           09      00        
0330002300042Z70976E1888CF012ED15A1E2                                         PGTFORNB20022013900004435                                                                                                                               00        
0330002300043J00034194561500001652451128113310500390497683000AUTIMEX COM IMPORTACAO E EXPOR20022013000000000165245000000000000000000000000000000200220130000000001652450000000000000004122                900004407           09      00        
0330002300044Z70976E13302497EF273877F                                         PGTFORNB20022013900004407                                                                                                                               00        
0330002300045J00039998561500003215471768758034611960078237001BAP AUTOMOTIVA LTDA           20022013000000000321547000000000000000000000000000000200220130000000003215470000000000000004123                900004408           09      00        
0330002300046Z70976E11D7114184EB16260                                         PGTFORNB20022013900004408                                                                                                                               00        
0330002300047J00039995561500000338931768758033811960078237001BAP AUTOMOTIVA LTDA           20022013000000000033893000000000000000000000000000000200220130000000000338930000000000000004124                900004409           09      00        
0330002300048Z70976E1E1046ECD96FBC209                                         PGTFORNB20022013900004409                                                                                                                               00        
0330002300049J00034197561500001354001126364505151248021303000BANCO FIBRA SA                20022013000000000135400000000000000000000000000000000200220130000000001354000000000000000004125                900004410           09      00        
0330002300050Z70976E1B6B4BBF5B33EBEC8                                         PGTFORNB20022013900004410                                                                                                                               00        
03300025         000052000000000002397541000000000000000000310220                                                                                                                                                                               
03300031C2003031 2054375370001370033006500490028050300065 0000480000414 AUTO GERAL DE ITU LTDA                                                                              00000                                   00000000                    
0330003300001A0007003410016800000000435808 MEGA FREIOS DISTR E SERV P/ VE4162                20022013BRL000000000000000000000000190799900004404           20022013000000000190799                                        07          000        
0330003300002B   205197228000137                              00000                                                  00000000  200220130000000001907990000000000000000000000000000000000000000000000000000000000000000                00        
0330003300003Z70976E182C92E0CAC840E3E                                         PGTFORNB20022013900004404                                                                                                                               00        
0330003300004A0007002370055090000000316156 MOBENSANI COMERCIAL AUTOMOTIVA4163                20022013BRL000000000000000000000000124142900004405           20022013000000000124142                                        07          000        
0330003300005B   261246245000198                              00000                                                  00000000  200220130000000001241420000000000000000000000000000000000000000000000000000000000000000                00        
0330003300006Z70976E124680994425B1014                                         PGTFORNB20022013900004405                                                                                                                               00        
03300035         000008000000000000314941000000000000000000030220                                                                                                                                                                               
03399999         000003000076000000                                                                                                                                                                                                             
