03300000         2054375370001370033006500490028050300065 0000480000414 AUTO GERAL DE ITU LTDA        SANTANDER                               21802201303022800022406000000                                                                     
03300011C2030030 2054375370001370033006500490028050300065 0000480000414 AUTO GERAL DE ITU LTDA                                                                              00000                                   00000000                    
0330001300001J00003391561100002923919184001020020000308020203MARIA HENRIQUETA SILVA TROFINO16022013000000000292391000000000000000000000000000000180220130000000002923910000000000000004020                900004288           09      00        
0330001300002Z70976E107F8FEAEE65EE29A                                         PGTFORNB18022013900004288                                                                                                                               00        
0330001300003J00003391561300000363619513931700000104064680101DISTRIBUIDORA AUTOMOTIVA S/A  18022013000000000036361000000000000000000000000000000180220130000000000363610000000000000004048                900004289           09      00        
0330001300004Z70976E17AAF0BD7DE09F484                                         PGTFORNB18022013900004289                                                                                                                               00        
0330001300005J00003394561300000473659513931700000104057980101DISTRIBUIDORA AUTOMOTIVA S/A  18022013000000000047365000000000000000000000000000000180220130000000000473650000000000000004049                900004290           09      00        
0330001300006Z70976E103D923168E09542E                                         PGTFORNB18022013900004290                                                                                                                               00        
0330001300007J00003399561300000507009151180700000300443910104INFOR-REL COM SERV LTDA EPP   18022013000000000050700000000000000000000000000000000180220130000000000507000000000000000004088                900004291           09      00        
0330001300008Z70976E16F8EA530BEB58EFF                                         PGTFORNB18022013900004291                                                                                                                               00        
03300015         000010000000000000426817000000000000000000300218                                                                                                                                                                               
03300021C2031030 2054375370001370033006500490028050300065 0000480000414 AUTO GERAL DE ITU LTDA                                                                              00000                                   00000000                    
0330002300001J00075696561100000987521319102003307302606409001AUTO POSTO REI DA CASTELO PORT16022013000000000098752000000000000000000000000000000180220130000000000987520000000000000004004                900004292           09      00        
0330002300002Z70976E192DF41CAD39189A4                                         PGTFORNB18022013900004292                                                                                                                               00        
0330002300003J00034196561100000100001127755884630076000777000CENTER PECAS FABBRI LTDA      16022013000000000010000000000000000000000000000000000180220130000000000100000000000000000004006                900004294           09      00        
0330002300004Z70976E168C806E2BEFCAB07                                         PGTFORNB18022013900004294                                                                                                                               00        
0330002300005J00034196561100000075001127755884550076000777000CENTER PECAS FABBRI LTDA      16022013000000000007500000000000000000000000000000000180220130000000000075000000000000000004007                900004295           09      00        
0330002300006Z70976E16E70ACE77CF07D8D                                         PGTFORNB18022013900004295                                                                                                                               00        
0330002300007J00034199561100000063001127755884480076000777000CENTER PECAS FABBRI LTDA      16022013000000000006300000000000000000000000000000000180220130000000000063000000000000000004008                900004296           09      00        
0330002300008Z70976E18DBC17CA446F80A5                                         PGTFORNB18022013900004296                                                                                                                               00        
0330002300009J00034191561100000216001127755885050076000777000CENTER PECAS FABBRI LTDA      16022013000000000021600000000000000000000000000000000180220130000000000216000000000000000004009                900004297           09      00        
0330002300010Z70976E116168F799CCDA3F9                                         PGTFORNB18022013900004297                                                                                                                               00        
0330002300011J00034193561100000115001127755885390076000777000CENTER PECAS FABBRI LTDA      16022013000000000011500000000000000000000000000000000180220130000000000115000000000000000004010                900004298           09      00        
0330002300012Z70976E1308AB4D11906CB71                                         PGTFORNB18022013900004298                                                                                                                               00        
0330002300013J00023791561100004988010119060000001006100682000CORCERAMA COM DE AUTOPECAS LTD16022013000000000498801000000000000000000000000000000180220130000000004988010000000000000004011                900004299           09      00        
0330002300014Z70976E1D845E4EEC4BB52AB                                         PGTFORNB18022013900004299                                                                                                                               00        
0330002300015J00034199561100000964091127413557572938036635000DAYCO POWER TRANSMISSION      16022013000000000096409000000000000000000000000000000180220130000000000964090000000000000004012                900004300           09      00        
0330002300016Z70976E1ED894BE3129D833C                                         PGTFORNB18022013900004300                                                                                                                               00        
0330002300017J00023791561100000193013394093704076140100039600DE NIGRIS DISTRIBUIDORA DE VEI16022013000000000019301000000000000000000000000000000180220130000000000193010000000000000004013                900004301           09      00        
0330002300018Z70976E1C0324EFA1E69CC17                                         PGTFORNB18022013900004301                                                                                                                               00        
0330002300019J00034197561100000220551127094818432938107808000ELIVEL AUTOMOTORES LTDA       16022013000000000022055000000000000000000000000000000180220130000000000220550000000000000004014                900004302           09      00        
0330002300020Z70976E1D99D1E2DBA97E91F                                         PGTFORNB18022013900004302                                                                                                                               00        
0330002300021J00034192561100007413451128144352622938017569000FRAS-LE S/A                   16022013000000000741345000000000000000000000000000000180220130000000007413450000000000000004015                900004303           09      00        
0330002300022Z70976E107BFB4338E04F2A2                                         PGTFORNB18022013900004303                                                                                                                               00        
0330002300023J00034196561100006412051128144352392938017569000FRAS-LE S/A                   16022013000000000641205000000000000000000000000000000180220130000000006412050000000000000004016                900004304           09      00        
0330002300024Z70976E190C8C1FF7B9E0297                                         PGTFORNB18022013900004304                                                                                                                               00        
0330002300025J00034191561100016473801128144352472938017569000FRAS-LE S/A                   16022013000000001647380000000000000000000000000000000180220130000000016473800000000000000004017                900004305           09      00        
0330002300026Z70976E1F5C7C4E3C82BD21B                                         PGTFORNB18022013900004305                                                                                                                               00        
0330002300027J00034192561100011999021128144352542938017569000FRAS-LE S/A                   16022013000000001199902000000000000000000000000000000180220130000000011999020000000000000004018                900004306           09      00        
0330002300028Z70976E12F6D5E4AACDA3CF9                                         PGTFORNB18022013900004306                                                                                                                               00        
0330002300029J00039999561100000214681767913061703280030090001ITAVEMA ITALIA VEICULOS E MAQU16022013000000000021468000000000000000000000000000000180220130000000000214680000000000000004019                900004307           09      00        
0330002300030Z70976E15FDF621DB7FB7743                                         PGTFORNB18022013900004307                                                                                                                               00        
0330002300031J00023794561100000555313114091395769908501763000BANCO SAFRA S/A               16022013000000000055531000000000000000000000000000000180220130000000000555310000000000000004005                900004293           09      00        
0330002300032Z70976E13D549E9F3144865D                                         PGTFORNB18022013900004293                                                                                                                               00        
0330002300033J00023795561100000191292500090256571796500000340ODAPEL DISTRIBUIDORA DE AUTO P16022013000000000019129000000000000000000000000000000180220130000000000191290000000000000004021                900004308           09      00        
0330002300034Z70976E1356D4B345BB08249                                         PGTFORNB18022013900004308                                                                                                                               00        
0330002300035J00023796561100000299512500090256571752100000340ODAPEL DISTRIBUIDORA DE AUTO P16022013000000000029951000000000000000000000000000000180220130000000000299510000000000000004022                900004309           09      00        
0330002300036Z70976E131BE86550324DC93                                         PGTFORNB18022013900004309                                                                                                                               00        
0330002300037J00023799561100000546283395061180232898700028140ROCHESTER DISTRIBUIDORA DE AUT16022013000000000054628000000000000000000000000000000180220130000000000546280000000000000004023                900004310           09      00        
0330002300038Z70976E11423BBEBAB00AF6E                                         PGTFORNB18022013900004310                                                                                                                               00        
0330002300039J00023795561100000202133395090000005184000650000SORANA SUL                    16022013000000000020213000000000000000000000000000000180220130000000000202130000000000000004024                900004311           09      00        
0330002300040Z70976E1574AD8EFE4EC0831                                         PGTFORNB18022013900004311                                                                                                                               00        
0330002300041J00023791561100000204123395090000005177800650000SORANA SUL                    16022013000000000020412000000000000000000000000000000180220130000000000204120000000000000004025                900004312           09      00        
0330002300042Z70976E1D29A81F878D1C19C                                         PGTFORNB18022013900004312                                                                                                                               00        
0330002300043J00034191561200000214441127371887740237417159000ACCIOLY SA IMP E COM          17022013000000000021444000000000000000000000000000000180220130000000000214440000000000000004026                900004313           09      00        
0330002300044Z70976E1654B62F03CD5DA3D                                         PGTFORNB18022013900004313                                                                                                                               00        
0330002300045J00034191561200000834061127176959130237417159000ACCIOLY SA IMP E COM          17022013000000000083406000000000000000000000000000000180220130000000000834060000000000000004027                900004314           09      00        
0330002300046Z70976E1845D6E73D980E1D0                                         PGTFORNB18022013900004314                                                                                                                               00        
0330002300047J00034199561200000056001127755884710076000777000CENTER PECAS FABBRI LTDA      17022013000000000005600000000000000000000000000000000180220130000000000056000000000000000004028                900004315           09      00        
0330002300048Z70976E19B8F887F5844A9E1                                         PGTFORNB18022013900004315                                                                                                                               00        
0330002300049J00034191561200000055001127755885540076000777000CENTER PECAS FABBRI LTDA      17022013000000000005500000000000000000000000000000000180220130000000000055000000000000000004029                900004316           09      00        
0330002300050Z70976E14CFCD759417F74E3                                         PGTFORNB18022013900004316                                                                                                                               00        
0330002300051J00034194561200000052501127755885470076000777000CENTER PECAS FABBRI LTDA      17022013000000000005250000000000000000000000000000000180220130000000000052500000000000000004030                900004317           09      00        
0330002300052Z70976E1F6CC7F932E0F4C46                                         PGTFORNB18022013900004317                                                                                                                               00        
0330002300053J00034193561200000062701127755884970076000777000CENTER PECAS FABBRI LTDA      17022013000000000006270000000000000000000000000000000180220130000000000062700000000000000004031                900004318           09      00        
0330002300054Z70976E1C011CC8352231F97                                         PGTFORNB18022013900004318                                                                                                                               00        
0330002300055J00034193561200000026051127755884890076000777000CENTER PECAS FABBRI LTDA      17022013000000000002605000000000000000000000000000000180220130000000000026050000000000000004032                900004319           09      00        
0330002300056Z70976E100DE74736E65AA2E                                         PGTFORNB18022013900004319                                                                                                                               00        
0330002300057J00034194561200002610561127179842422938000052000EATON LTDA                    17022013000000000261056000000000000000000000000000000180220130000000002610560000000000000004033                900004320           09      00        
0330002300058Z70976E196CB5E6AE0B34501                                         PGTFORNB18022013900004320                                                                                                                               00        
0330002300059J00034196561200000589501127179841502938000052000EATON LTDA                    17022013000000000058950000000000000000000000000000000180220130000000000589500000000000000004034                900004321           09      00        
0330002300060Z70976E14958780A373CF8FE                                         PGTFORNB18022013900004321                                                                                                                               00        
0330002300061J00034192561300000301891090304494830109276204000GIRANDO COMERCIO DE PECAS LTDA18022013000000000030189000000000000000000000000000000180220130000000000301890000000000000004055                900004340           09      00        
0330002300062Z70976E1061E1C32B6876627                                         PGTFORNB18022013900004340                                                                                                                               00        
0330002300063J00034193561300000281991090304489980109276204000GIRANDO COMERCIO DE PECAS LTDA18022013000000000028199000000000000000000000000000000180220130000000000281990000000000000004056                900004341           09      00        
0330002300064Z70976E195F088AE558D8B19                                         PGTFORNB18022013900004341                                                                                                                               00        
0330002300065J00034191561300002644001091724326061248027078000BANCO VOTORANTIM SA           18022013000000000264400000000000000000000000000000000180220130000000002644000000000000000004057                900004342           09      00        
0330002300066Z70976E12BA2AC511D183EC7                                         PGTFORNB18022013900004342                                                                                                                               00        
0330002300067J00034191561300001681871561758170473171011202000HIDRAULICA VIC IM CO EQ HI LTD18022013000000000168187000000000000000000000000000000180220130000000001681870000000000000004058                900004343           09      00        
0330002300068Z70976E12D484D5112C29AB2                                         PGTFORNB18022013900004343                                                                                                                               00        
0330002300069J00000191561300003245330444224548334120000204711INSTALADORA SAO MARCOS LTDA   18022013000000000324533000000000000000000000000000000180220130000000003245330000000000000004059                900004344           09      00        
0330002300070Z70976E15295861A7AE1B7AC                                         PGTFORNB18022013900004344                                                                                                                               00        
0330002300071J00034191561300005591451128157038252395022557000KOGA KOGA CIA LTDA            18022013000000000559145000000000000000000000000000000180220130000000005591450000000000000004060                900004345           09      00        
0330002300072Z70976E1FDA0C3A720955F82                                         PGTFORNB18022013900004345                                                                                                                               00        
0330002300073J00034199561300000694691128157033462395022557000KOGA KOGA CIA LTDA            18022013000000000069469000000000000000000000000000000180220130000000000694690000000000000004061                900004346           09      00        
0330002300074Z70976E1BF2301B4E654F03D                                         PGTFORNB18022013900004346                                                                                                                               00        
0330002300075J00034193561300000189921128157033532395022557000KOGA KOGA CIA LTDA            18022013000000000018992000000000000000000000000000000180220130000000000189920000000000000004062                900004347           09      00        
0330002300076Z70976E17AAA495C28F97B85                                         PGTFORNB18022013900004347                                                                                                                               00        
0330002300077J00034193561300001026571128157034112395022557000KOGA KOGA CIA LTDA            18022013000000000102657000000000000000000000000000000180220130000000001026570000000000000004063                900004348           09      00        
0330002300078Z70976E1BF599247A46A3767                                         PGTFORNB18022013900004348                                                                                                                               00        
0330002300079J00034196561200000183381127862923452938000052000EATON LTDA                    17022013000000000018338000000000000000000000000000000180220130000000000183380000000000000004035                900004322           09      00        
0330002300080Z70976E125D00A0255E176C6                                         PGTFORNB18022013900004322                                                                                                                               00        
0330002300081J00034195561200002195321127862914872938000052000EATON LTDA                    17022013000000000219532000000000000000000000000000000180220130000000002195320000000000000004036                900004323           09      00        
0330002300082Z70976E17C083FC597C2ED90                                         PGTFORNB18022013900004323                                                                                                                               00        
0330002300083J00034197561200000087701127862917192938000052000EATON LTDA                    17022013000000000008770000000000000000000000000000000180220130000000000087700000000000000004037                900004324           09      00        
0330002300084Z70976E19EE2F16AA37B00C5                                         PGTFORNB18022013900004324                                                                                                                               00        
0330002300085J00023797561200000212103394090000015786500324600MORELATE DISTRIBUIDORA DE AUTO17022013000000000021210000000000000000000000000000000180220130000000000212100000000000000004038                900004325           09      00        
0330002300086Z70976E15AF70121DF7353D1                                         PGTFORNB18022013900004325                                                                                                                               00        
0330002300087J00023791561200000786543395061180232900100028140ROCHESTER DISTRIBUIDORA DE AUT17022013000000000078654000000000000000000000000000000180220130000000000786540000000000000004040                900004327           09      00        
0330002300088Z70976E183B29B6224040117                                         PGTFORNB18022013900004327                                                                                                                               00        
0330002300089J00023793561200000280523395090000005187700650000SORANA SUL                    17022013000000000028052000000000000000000000000000000180220130000000000280520000000000000004041                900004328           09      00        
0330002300090Z70976E1091542857E5ECD0A                                         PGTFORNB18022013900004328                                                                                                                               00        
0330002300091J00023795561300000266003372090000016420005040000ABRAO REZE COM DE VEICULOS LTD18022013000000000026600000000000000000000000000000000180220130000000000266000000000000000004042                900004329           09      00        
0330002300092Z70976E1DA0FB7432C3BEF2D                                         PGTFORNB18022013900004329                                                                                                                               00        
0330002300093J00000197561300000091328336191060109700000127018ALARMAQ EQTOS DE SEGURANCA LTD18022013000000000009132000000000000000000000000000000180220130000000000091320000000000000004043                900004330           09      00        
0330002300094Z70976E140A3C20E2B9E12A2                                         PGTFORNB18022013900004330                                                                                                                               00        
0330002300095J00034197561300000223351090063231410757035373000CIPEC INDUSTRIAL DE AUTOPECAS 18022013000000000022335000000000000000000000000000000180220130000000000223350000000000000004044                900004331           09      00        
0330002300096Z70976E1E5A3BA629472725D                                         PGTFORNB18022013900004331                                                                                                                               00        
0330002300097J00034191561300002110251090063231580757035373000CIPEC INDUSTRIAL DE AUTOPECAS 18022013000000000211025000000000000000000000000000000180220130000000002110250000000000000004045                900004332           09      00        
0330002300098Z70976E19C41BD10DDC12EF2                                         PGTFORNB18022013900004332                                                                                                                               00        
0330002300099J00023791561300000465973262090000033541900935470COMDIP COMERCIAL DISTR DE PECA18022013000000000046597000000000000000000000000000000180220130000000000465970000000000000004046                900004333           09      00        
0330002300100Z70976E10E113A9A6DF1FE19                                         PGTFORNB18022013900004333                                                                                                                               00        
0330002300101J00023794561300000332472002061301401236100829680COMERCIAL AUTOMOTIVA S.A.     18022013000000000033247000000000000000000000000000000180220130000000000332470000000000000004047                900004334           09      00        
0330002300102Z70976E104EB5F5202439F48                                         PGTFORNB18022013900004334                                                                                                                               00        
0330002300103J00023792561200000658903394090000014466900324600MORELATE DISTRIBUIDORA DE AUTO17022013000000000065890000000000000000000000000000000180220130000000000658900000000000000004039                900004326           09      00        
0330002300104Z70976E1BD23BEF539D5E112                                         PGTFORNB18022013900004326                                                                                                                               00        
0330002300105J00023794561300000339770138093007000006501370000BBL SISTEMAS OPERACIONAIS LTDA18022013000000000033977000000000000000000000000000000180220130000000000339770000000000000004050                900004335           09      00        
0330002300106Z70976E1A1022E49AA48BCBE                                         PGTFORNB18022013900004335                                                                                                                               00        
0330002300107J00034199561300000212971127216744902938000052000EATON LTDA                    18022013000000000021297000000000000000000000000000000180220130000000000212970000000000000004051                900004336           09      00        
0330002300108Z70976E1860829979F7C1430                                         PGTFORNB18022013900004336                                                                                                                               00        
0330002300109J00034193561300000563191127216745162938000052000EATON LTDA                    18022013000000000056319000000000000000000000000000000180220130000000000563190000000000000004052                900004337           09      00        
0330002300110Z70976E1B435C1EB76DB3C3E                                         PGTFORNB18022013900004337                                                                                                                               00        
0330002300111J00034197561300000864531127216745732938000052000EATON LTDA                    18022013000000000086453000000000000000000000000000000180220130000000000864530000000000000004053                900004338           09      00        
0330002300112Z70976E15F9998649BC770BB                                         PGTFORNB18022013900004338                                                                                                                               00        
0330002300113J00034199561300000510411127862947882938000052000EATON LTDA                    18022013000000000051041000000000000000000000000000000180220130000000000510410000000000000004054                900004339           09      00        
0330002300114Z70976E17B0BD9A22BE0F868                                         PGTFORNB18022013900004339                                                                                                                               00        
0330002300115J00023798561300001779553372091130360521800731020KOGA KOGA CIA LTDA            18022013000000000177955000000000000000000000000000000180220130000000001779550000000000000004064                900004349           09      00        
0330002300116Z70976E19164056E313019BE                                         PGTFORNB18022013900004349                                                                                                                               00        
0330002300117J00023791561300001165003372097672311666300767230MAGGI VEICULOS LTDA           18022013000000000116500000000000000000000000000000000180220130000000001165000000000000000004065                900004350           09      00        
0330002300118Z70976E100E5A4ECCF54013E                                         PGTFORNB18022013900004350                                                                                                                               00        
0330002300119J00034199561300000451261127767568872938025125000MAHLE METAL LEVE S/A          18022013000000000045126000000000000000000000000000000180220130000000000451260000000000000004066                900004351           09      00        
0330002300120Z70976E176D264D7F5DF3DD6                                         PGTFORNB18022013900004351                                                                                                                               00        
0330002300121J00034197561300000339291127767568952938025125000MAHLE METAL LEVE S/A          18022013000000000033929000000000000000000000000000000180220130000000000339290000000000000004067                900004352           09      00        
0330002300122Z70976E1BB45A712D0A4B8E0                                         PGTFORNB18022013900004352                                                                                                                               00        
0330002300123J00034193561300001305341127767567622938025125000MAHLE METAL LEVE S/A          18022013000000000130534000000000000000000000000000000180220130000000001305340000000000000004068                900004353           09      00        
0330002300124Z70976E130F765F16F38D01C                                         PGTFORNB18022013900004353                                                                                                                               00        
0330002300125J00034191561300000137611127767567702938025125000MAHLE METAL LEVE S/A          18022013000000000013761000000000000000000000000000000180220130000000000137610000000000000004069                900004354           09      00        
0330002300126Z70976E1A1A5F4CF8F07D254                                         PGTFORNB18022013900004354                                                                                                                               00        
0330002300127J00034191561300000571061127767567882938025125000MAHLE METAL LEVE S/A          18022013000000000057106000000000000000000000000000000180220130000000000571060000000000000004070                900004355           09      00        
0330002300128Z70976E1156FCD9AE668FB5D                                         PGTFORNB18022013900004355                                                                                                                               00        
0330002300129J00034192561300000285021127767567962938025125000MAHLE METAL LEVE S/A          18022013000000000028502000000000000000000000000000000180220130000000000285020000000000000004071                900004356           09      00        
0330002300130Z70976E17B3F7DD7A3C0AC39                                         PGTFORNB18022013900004356                                                                                                                               00        
0330002300131J00010491561300000138003709833463279148011303264BR REGISTRO                   18022013000000000013800000000000000000000000000000000180220130000000000138000000000000000004072                900004357           09      00        
0330002300132Z70976E16A88D911F84073FB                                         PGTFORNB18022013900004357                                                                                                                               00        
0330002300133J00034194000000000000001219837558111012365225000PACAEMBU AUTO PECAS LTDA      18022013000000000159692000000000000000000000000000000180220130000000001596920000000000000004073                900004358           09      00        
0330002300134Z70976E126435396532E028D                                         PGTFORNB18022013900004358                                                                                                                               00        
0330002300135J00034197000000000000001219837559021012365225000PACAEMBU AUTO PECAS LTDA      18022013000000000070590000000000000000000000000000000180220130000000000705900000000000000004074                900004359           09      00        
0330002300136Z70976E1BFFF244382ADF014                                         PGTFORNB18022013900004359                                                                                                                               00        
0330002300137J00039991561300001401008144669462604540096965001PELLEGRINO DISTRIBUIDORA DE AU18022013000000000140100000000000000000000000000000000180220130000000001401000000000000000004075                900004360           09      00        
0330002300138Z70976E10F09ABE55F83E8FF                                         PGTFORNB18022013900004360                                                                                                                               00        
0330002300139J00039996561300000749348144669403004540096965001PELLEGRINO DISTRIBUIDORA DE AU18022013000000000074934000000000000000000000000000000180220130000000000749340000000000000004076                900004361           09      00        
0330002300140Z70976E19BC83BE7570E32E5                                         PGTFORNB18022013900004361                                                                                                                               00        
0330002300141J00039991561300000278948144669412004540096965001PELLEGRINO DISTRIBUIDORA DE AU18022013000000000027894000000000000000000000000000000180220130000000000278940000000000000004077                900004362           09      00        
0330002300142Z70976E1C56DE07650A129C5                                         PGTFORNB18022013900004362                                                                                                                               00        
0330002300143J00039995561300002681273133538449305313093513001REAL MOTO PECAS LTDA          18022013000000000268127000000000000000000000000000000180220130000000002681270000000000000004078                900004363           09      00        
0330002300144Z70976E191A49AE6A8A274F1                                         PGTFORNB18022013900004363                                                                                                                               00        
0330002300145J00039997561300000362873133527163005313093513001REAL MOTO PECAS LTDA          18022013000000000036287000000000000000000000000000000180220130000000000362870000000000000004079                900004364           09      00        
0330002300146Z70976E1854B522CC3C98850                                         PGTFORNB18022013900004364                                                                                                                               00        
0330002300147J00039993561300000404203133527140005313093513001REAL MOTO PECAS LTDA          18022013000000000040420000000000000000000000000000000180220130000000000404200000000000000004080                900004365           09      00        
0330002300148Z70976E19890431966857DF2                                         PGTFORNB18022013900004365                                                                                                                               00        
0330002300149J00034199561300000779481090014911973048108587000SAF DIESEL VEICULOS LTDA      18022013000000000077948000000000000000000000000000000180220130000000000779480000000000000004081                900004366           09      00        
0330002300150Z70976E1F4FD72D0546DDD77                                         PGTFORNB18022013900004366                                                                                                                               00        
0330002300151J00023795561300001168354130074130006230000050880SOUZA RAMOS COM E IMP LTDA    18022013000000000116835000000000000000000000000000000180220130000000001168350000000000000004082                900004367           09      00        
0330002300152Z70976E1CBF9A8AB4272071C                                         PGTFORNB18022013900004367                                                                                                                               00        
0330002300153J00039991561300000502021767595850504540079149001BANCO SOFISA SA               18022013000000000050202000000000000000000000000000000180220130000000000502020000000000000004083                900004368           09      00        
0330002300154Z70976E16A06FD4DE78C81D4                                         PGTFORNB18022013900004368                                                                                                                               00        
0330002300155J00039994561300000693521767595848304540079149001BANCO SOFISA SA               18022013000000000069352000000000000000000000000000000180220130000000000693520000000000000004084                900004369           09      00        
0330002300156Z70976E1C7B6C995910D06E0                                         PGTFORNB18022013900004369                                                                                                                               00        
0330002300157J00039999561300000644661767595849104540079149001BANCO SOFISA SA               18022013000000000064466000000000000000000000000000000180220130000000000644660000000000000004085                900004370           09      00        
0330002300158Z70976E15FB5C51ACF1F4246                                         PGTFORNB18022013900004370                                                                                                                               00        
0330002300159J00039999561300000146062400480419406573205239001RODONAVES TRANSP E ENCOMENDAS 18022013000000000014606000000000000000000000000000000180220130000000000146060000000000000004086                900004371           09      00        
0330002300160Z70976E1F0DD5DD54EFE7053                                         PGTFORNB18022013900004371                                                                                                                               00        
0330002300161J00039992561300001184112400480418606573205239001RODONAVES TRANSP E ENCOMENDAS 18022013000000000118411000000000000000000000000000000180220130000000001184110000000000000004087                900004372           09      00        
0330002300162Z70976E1F318837529086296                                         PGTFORNB18022013900004372                                                                                                                               00        
03300025         000164000000000010244780000000000000000000310218                                                                                                                                                                               
03300031C2003031 2054375370001370033006500490028050300065 0000480000414 AUTO GERAL DE ITU LTDA                                                                              00000                                   00000000                    
0330003300001A0007002370056060000000404209 JUNTAS SANTA CRUZ LTDA        4091                18022013BRL000000000000000000000000064192900004286           18022013000000000064192                                        07          000        
0330003300002B   277644102000174                              00000                                                  00000000  180220130000000000641920000000000000000000000000000000000000000000000000000000000000000                00        
0330003300003Z70976E142BDF3D66B0F12D8                                         PGTFORNB18022013900004286                                                                                                                               00        
0330003300004A0007002370337200000000040002 MAGGI LE NOM AUTOMOTORES LTDA 4092                18022013BRL000000000000000000000000004725900004287           18022013000000000004725                                        07          000        
0330003300005B   207659871000160                              00000                                                  00000000  180220130000000000047250000000000000000000000000000000000000000000000000000000000000000                00        
0330003300006Z70976E172A76868D177B4BC                                         PGTFORNB18022013900004287                                                                                                                               00        
03300035         000008000000000000068917000000000000000000030218                                                                                                                                                                               
03399999         000003000184000000                                                                                                                                                                                                             
