03300000         2054375370001370033006500490028050300065 0000480000414 AUTO GERAL DE ITU LTDA        SANTANDER                               20802201316234600021006000000                                                                     
03300011C2011030 2054375370001370033006500490028050300065 0000480000414 AUTO GERAL DE ITU LTDA                                                                              00000                                   00000000                    
0330001300001O00083620000004929601103003395112620210002565404CIA PIRATININGA DE FORCA E LUZ08022013080220130000000000492963710                900003992                                                                               00        
0330001300002Z70976E108B18FB3AA7AE069                                         PGTFORNB08022013900003992                                                                                                                               00        
03300015         000004000000000000049296000000000000000000110208                                                                                                                                                                               
03300021C2011030 2054375370001370033006500490028050300065 0000480000414 AUTO GERAL DE ITU LTDA                                                                              00000                                   00000000                    
0330002300001O00085880000064827801791302085530548054375370001FGTS GRF CONVENIO 0179        08022013080220130000000006482783711                900003993                                                                               00        
0330002300002Z70976E1DE228559D84DBCFE                                         PGTFORNB08022013900003993                                                                                                                               00        
0330002300003O00085800000014575701791302085530548054375370002FGTS GRF CONVENIO 0179        08022013080220130000000001457573712                900003994                                                                               00        
0330002300004Z70976E1314D6BAB51114E34                                         PGTFORNB08022013900003994                                                                                                                               00        
0330002300005O00085890000016948001791302085530538054375370003FGTS GRF CONVENIO 0179        08022013080220130000000001694803713                900003995                                                                               00        
0330002300006Z70976E14EF628C69E7615FA                                         PGTFORNB08022013900003995                                                                                                                               00        
0330002300007O00085800000008169401791302085530538054375370004FGTS GRF CONVENIO 0179        08022013080220130000000000816943714                900003996                                                                               00        
0330002300008Z70976E10B1EB42631601138                                         PGTFORNB08022013900003996                                                                                                                               00        
0330002300009O00085870000018888401791302085530548054375370005FGTS GRF CONVENIO 0179        08022013080220130000000001888843715                900003997                                                                               00        
0330002300010Z70976E11AD72D718A7DEBFE                                         PGTFORNB08022013900003997                                                                                                                               00        
0330002300011O00085800000010005001791302085530538054375370006FGTS GRF CONVENIO 0179        08022013080220130000000001000503716                900003998                                                                               00        
0330002300012Z70976E1CC55007070EC0C8B                                         PGTFORNB08022013900003998                                                                                                                               00        
03300025         000014000000000001334143000000000000000000110208                                                                                                                                                                               
03399999         000002000020000000                                                                                                                                                                                                             
