03300000         2054375370001370033006500490028050300065 0000480000414 AUTO GERAL DE ITU LTDA        SANTANDER                               20901201302174900014606000000                                                                     
03300011C2030030 2054375370001370033006500490028050300065 0000480000414 AUTO GERAL DE ITU LTDA                                                                              00000                                   00000000                    
0330001300001J00035696557300000192660689070323470000004896854DISTRIBUIDORA AUTOMOTIVA S/A  09012013000000000019266000000000000000000000000000000090120130000000000192660000000000000002710                900002994           09      00        
0330001300002Z70976E1BB951BA5997F6865                                         PGTFORNB09012013900002994                                                                                                                               00        
03300015         000004000000000000019266000000000000000000300109                                                                                                                                                                               
03300021C2031030 2054375370001370033006500490028050300065 0000480000414 AUTO GERAL DE ITU LTDA                                                                              00000                                   00000000                    
0330002300001J00034198557300000705741090000543988052016014000IRMAOS FERRETI E CIA LTDA     09012013000000000070574000000000000000000000000000000090120130000000000705740000000000000002711                900002995           09      00        
0330002300002Z70976E151C3FFFC81E89E1C                                         PGTFORNB09012013900002995                                                                                                                               00        
0330002300003J00023795557300000770000328060000000924300026300COMERCIAL RT                  09012013000000000077000000000000000000000000000000000090120130000000000770000000000000000002716                900003000           09      00        
0330002300004Z70976E1E289BEE99D5971BC                                         PGTFORNB09012013900003000                                                                                                                               00        
0330002300005J00000194557300001823670000001244482993005360617RPT DISTRIBUIDORA DE AUTO PECA09012013000000000182367000000000000000000000000000000090120130000000001823670000000000000002717                900003001           09      00        
0330002300006Z70976E1625651E0FA377D16                                         PGTFORNB09012013900003001                                                                                                                               00        
0330002300007J00000191557300000224240443466758533260008018911T-PARTS COML E IMP DE AUTOPECA09012013000000000022424000000000000000000000000000000090120130000000000224240000000000000002718                900003002           09      00        
0330002300008Z70976E1643DBEC55C736F57                                         PGTFORNB09012013900003002                                                                                                                               00        
0330002300009J00034195557300000980001127002569211248087387000BANCON F I D C MULTISSETORIAL 09012013000000000098000000000000000000000000000000000090120130000000000980000000000000000002719                900003003           09      00        
0330002300010Z70976E14094EA67F4E36FAE                                         PGTFORNB09012013900003003                                                                                                                               00        
0330002300011J00034196557300007983471127168573573184597502000UNIVERSAL AUTOMOTIVE SYSTEMS S09012013000000000798347000000000000000000000000000000090120130000000007983470000000000000002720                900003004           09      00        
0330002300012Z70976E1F6C48D9C949416C2                                         PGTFORNB09012013900003004                                                                                                                               00        
0330002300013J00034197557300002722421127166951793184122228000UNIVERSAL AUTOMOTIVE SYSTEMS S09012013000000000272242000000000000000000000000000000090120130000000002722420000000000000002721                900003005           09      00        
0330002300014Z70976E1EEE95B4B4F770777                                         PGTFORNB09012013900003005                                                                                                                               00        
0330002300015J00034195557300000334771126683840530017301896000LUKSNOVA S/A IND E COM        09012013000000000033477000000000001021000000000000000090120130000000000324560000000000000002712                900002996           09      00        
0330002300016Z70976E1A01E23D92BB37EEE                                         PGTFORNB09012013900002996                                                                                                                               00        
0330002300017J00023797557300000544903394090000013978800324600MORELATE DISTRIBUIDORA DE AUTO09012013000000000054490000000000000000000000000000000090120130000000000544900000000000000002713                900002997           09      00        
0330002300018Z70976E117CD57E79660434B                                         PGTFORNB09012013900002997                                                                                                                               00        
0330002300019J00039992557300000359348144667528104540096965001PELLEGRINO DISTRIBUIDORA DE AU09012013000000000035934000000000000000000000000000000090120130000000000359340000000000000002714                900002998           09      00        
0330002300020Z70976E1FFD4836A3F67C683                                         PGTFORNB09012013900002998                                                                                                                               00        
0330002300021J00023791557300001657583484092342000051301129000PETRONAS LUBRIFICANTES BRASIL 09012013000000000165758000000000000000000000000000000090120130000000001657580000000000000002715                900002999           09      00        
0330002300022Z70976E1CA270CB2143072EA                                         PGTFORNB09012013900002999                                                                                                                               00        
0330002300023J00034195557300000040001126905558780076000777000CENTER PECAS FABBRI LTDA      09012013000000000004000000000000000000000000000000000090120130000000000040000000000000000002706                900002990           09      00        
0330002300024Z70976E1D5981E22497B9FBB                                         PGTFORNB09012013900002990                                                                                                                               00        
0330002300025J00034199557300000080001126905558860076000777000CENTER PECAS FABBRI LTDA      09012013000000000008000000000000000000000000000000000090120130000000000080000000000000000002707                900002991           09      00        
0330002300026Z70976E132482104F81F8C16                                         PGTFORNB09012013900002991                                                                                                                               00        
0330002300027J00023794557300000334332002061301388282100829680COMERCIAL AUTOMOTIVA S.A.     09012013000000000033433000000000000000000000000000000090120130000000000334330000000000000002708                900002992           09      00        
0330002300028Z70976E1F2BA1318EBA1B6BE                                         PGTFORNB09012013900002992                                                                                                                               00        
0330002300029J00074892557300001661381112202627830220404131101COMERCIAL REDE INDUSTRIA DE PE09012013000000000166138000000000000000000000000000000090120130000000001661380000000000000002709                900002993           09      00        
0330002300030Z70976E115F3BE8BD704473F                                         PGTFORNB09012013900002993                                                                                                                               00        
0330002300031J00023797000000000000002025062025186026100001600BARROS E FILHOS LTDA          09012013000000000105672000000000000000000000000000000090120130000000001056720000000000000002722                900003006           09      00        
0330002300032Z70976E19C7661B2AF879A34                                         PGTFORNB09012013900003006                                                                                                                               00        
0330002300033J00034191557300009517371127275105080191074004000POLIPECAS COMERCIAL E IMPORTAD09012013000000000951737000000000066622000000000000000090120130000000008851150000000000000002724                900003008           09      00        
0330002300034Z70976E1230F5B53320FB6A6                                         PGTFORNB09012013900003008                                                                                                                               00        
0330002300035J00000192557300011755660443435024834120000359731IRMAOS AMALCABURIO LTDA       09012013000000001175566000000000000000000000000000000090120130000000011755660000000000000002725                900003009           09      00        
0330002300036Z70976E120710D9A05F8EB08                                         PGTFORNB09012013900003009                                                                                                                               00        
03300025         000038000000000004187516000000000000000000310109                                                                                                                                                                               
03300031C2003031 2054375370001370033006500490028050300065 0000480000414 AUTO GERAL DE ITU LTDA                                                                              00000                                   00000000                    
0330003300001A0007000010420210000000105007 REAL MOTO PECAS LTDA          2723                09012013BRL000000000000000000000000138422900003007           09012013000000000138422                                        07          000        
0330003300002B   225630302000174                              00000                                                  00000000  090120130000000001384220000000000000000000000000000000000000000000000000000000000000000                00        
0330003300003Z70976E1CFC84814CF02FC49                                         PGTFORNB09012013900003007                                                                                                                               00        
03300035         000005000000000000138422000000000000000000030109                                                                                                                                                                               
03399999         000003000049000000                                                                                                                                                                                                             
