03300000         2054375370001370033006500490028050300065 0000480000414 AUTO GERAL DE ITU LTDA        SANTANDER                               20803201302220400025906000000                                                                     
03300011C2030030 2054375370001370033006500490028050300065 0000480000414 AUTO GERAL DE ITU LTDA                                                                              00000                                   00000000                    
0330001300001J00035694563100000192440689070323400000003264994DISTRIBUIDORA AUTOMOTIVA S.A. 08032013000000000019244000000000000000000000000000000080320130000000000192440000000000000004677                900004964           09      00        
0330001300002Z70976E170A203B6B8207D19                                         PGTFORNB08032013900004964                                                                                                                               00        
0330001300003J00003396563100006288199537802800000000009380203SPARX IND E COM DE PECAS AUTO 08032013000000000628819000000000000000000000000000000080320130000000006288190000000000000004689                900004956           09      00        
0330001300004Z70976E11C0E42BD9F8F44EE                                         PGTFORNB08032013900004956                                                                                                                               00        
0330001300005J00003399563100000413659513931700000104221290101DISTRIBUIDORA AUTOMOTIVA S.A. 08032013000000000041365000000000000000000000000000000080320130000000000413650000000000000004676                900004952           09      00        
0330001300006Z70976E17059AF900D6624C4                                         PGTFORNB08032013900004952                                                                                                                               00        
0330001300007J00003395563100002360509499820000000000440910104KS PRODUTOS AUTOMOTIVOS LTDA  08032013000000000236050000000000000000000000000000000080320130000000002360500000000000000004686                900004953           09      00        
0330001300008Z70976E1A3DB95F56EC1B524                                         PGTFORNB08032013900004953                                                                                                                               00        
0330001300009J00003391563100001937519499820000000000440830104KS PRODUTOS AUTOMOTIVOS LTDA  08032013000000000193751000000000000000000000000000000080320130000000001937510000000000000004687                900004954           09      00        
0330001300010Z70976E14986EEFEF92FB436                                         PGTFORNB08032013900004954                                                                                                                               00        
0330001300011J00003398563100010848109489019100000092333930104KSPG AUTOMOTIVE BRASIL LTDA   08032013000000001084810000000000000000000000000000000080320130000000010848100000000000000004688                900004955           09      00        
0330001300012Z70976E13CF41C8AD5F4F097                                         PGTFORNB08032013900004955                                                                                                                               00        
03300015         000014000000000002204039000000000000000000300308                                                                                                                                                                               
03300021C2031030 2054375370001370033006500490028050300065 0000480000414 AUTO GERAL DE ITU LTDA                                                                              00000                                   00000000                    
0330002300001J00023791563100000245003371090000833892600719500AVEBRAZ COMERCIO DE VEICULOS E08032013000000000024500000000000000000000000000000000080320130000000000245000000000000000004669                900004957           09      00        
0330002300002Z70976E14BE658E27662F48C                                         PGTFORNB08032013900004957                                                                                                                               00        
0330002300003J00034198563100000846001128366733871248021303000BANCO FIBRA SA                08032013000000000084600000000000000000000000000000000080320130000000000846000000000000000004670                900004958           09      00        
0330002300004Z70976E16F0029A1233E53C3                                         PGTFORNB08032013900004958                                                                                                                               00        
0330002300005J00000192563100000440501823850832129130010401917CAMPINAS DIESEL LTDA          08032013000000000044050000000000000000000000000000000080320130000000000440500000000000000004671                900004959           09      00        
0330002300006Z70976E18D7BD5A6C6EDDDAC                                         PGTFORNB08032013900004959                                                                                                                               00        
0330002300007J00034191563100000030001128278357630076000777000CENTER PECAS FABBRI LTDA      08032013000000000003000000000000000000000000000000000080320130000000000030000000000000000004672                900004960           09      00        
0330002300008Z70976E18D17517F48EA7FD4                                         PGTFORNB08032013900004960                                                                                                                               00        
0330002300009J00034199563100000094981128413446690076000777000CENTER PECAS FABBRI LTDA      08032013000000000009498000000000000000000000000000000080320130000000000094980000000000000004673                900004961           09      00        
0330002300010Z70976E132DA253C64B64820                                         PGTFORNB08032013900004961                                                                                                                               00        
0330002300011J00034195563100000400271127692004062938036635000DAYCO POWER TRANSMISSION      08032013000000000040027000000000000000000000000000000080320130000000000400270000000000000004674                900004962           09      00        
0330002300012Z70976E188245A6F4EFF1905                                         PGTFORNB08032013900004962                                                                                                                               00        
0330002300013J00034198563100000070321127692004142938036635000DAYCO POWER TRANSMISSION      08032013000000000007032000000000000000000000000000000080320130000000000070320000000000000004675                900004963           09      00        
0330002300014Z70976E15B79514E88AE7FF9                                         PGTFORNB08032013900004963                                                                                                                               00        
0330002300015J00034199563100000494191127567075202938000052000EATON LTDA                    08032013000000000049419000000000000000000000000000000080320130000000000494190000000000000004678                900004965           09      00        
0330002300016Z70976E116A3AFCE6DA2A0D8                                         PGTFORNB08032013900004965                                                                                                                               00        
0330002300017J00034196563100000932231127942380742938000052000EATON LTDA                    08032013000000000093223000000000000000000000000000000080320130000000000932230000000000000004679                900004966           09      00        
0330002300018Z70976E1B9AEEE96D519EFEA                                         PGTFORNB08032013900004966                                                                                                                               00        
0330002300019J00039999563100002622003106200041709200216507001ELIANE RODRIGUES ALVES FERNAND08032013000000000262200000000000000000000000000000000080320130000000002622000000000000000004680                900004967           09      00        
0330002300020Z70976E145CCEDE75754C976                                         PGTFORNB08032013900004967                                                                                                                               00        
0330002300021J00023794563100000346353392021330520441201078340F2 DISTRIBUIDORA DE AUTO PARTS08032013000000000034635000000000000000000000000000000080320130000000000346350000000000000004681                900004968           09      00        
0330002300022Z70976E137B5474185BD1C64                                         PGTFORNB08032013900004968                                                                                                                               00        
0330002300023J00034197563100001356481127352361200046365078000FELICIO VIGORITO FILHOS LTDA  08032013000000000135648000000000000000000000000000000080320130000000001356480000000000000004682                900004969           09      00        
0330002300024Z70976E10F04D0327167DCB5                                         PGTFORNB08032013900004969                                                                                                                               00        
0330002300025J00034195563100000537221127352360880046365078000FELICIO VIGORITO FILHOS LTDA  08032013000000000053722000000000000000000000000000000080320130000000000537220000000000000004683                900004970           09      00        
0330002300026Z70976E1EB4FEF1B7C13DFA2                                         PGTFORNB08032013900004970                                                                                                                               00        
0330002300027J00034191563100000245661090304584430109276204000GIRANDO COMERCIO DE PECAS LTDA08032013000000000024566000000000000000000000000000000080320130000000000245660000000000000004684                900004971           09      00        
0330002300028Z70976E1BF7CFB105428F3CD                                         PGTFORNB08032013900004971                                                                                                                               00        
0330002300029J00034196563100000308031090304587730109276204000GIRANDO COMERCIO DE PECAS LTDA08032013000000000030803000000000000000000000000000000080320130000000000308030000000000000004685                900004972           09      00        
0330002300030Z70976E1234B10CAE42C3AF5                                         PGTFORNB08032013900004972                                                                                                                               00        
0330002300031J00023793563100000730000136093039000003701269910MEMORIAL COMERCIO DE PECAS LTD08032013000000000073000000000000000000000000000000000080320130000000000730000000000000000004690                900004973           09      00        
0330002300032Z70976E11E3A37A80AAFEB03                                         PGTFORNB08032013900004973                                                                                                                               00        
0330002300033J00000195563100004645160000001512535000000960817MODEFER INDUSTRIA DE AUTO PECA08032013000000000464516000000000000000000000000000000080320130000000004645160000000000000004691                900004974           09      00        
0330002300034Z70976E15E8BC7F97C86425F                                         PGTFORNB08032013900004974                                                                                                                               00        
0330002300035J00023791563100000569313394090000016576500324600MORELATE DISTRIBUIDORA DE AUTO08032013000000000056931000000000000000000000000000000080320130000000000569310000000000000004692                900004975           09      00        
0330002300036Z70976E1FBD288433D4BFB1C                                         PGTFORNB08032013900004975                                                                                                                               00        
0330002300037J00034198563100000330591750013265830278038278000PADOVANI E PADOVANI LTDA      08032013000000000033059000000000000000000000000000000080320130000000000330590000000000000004693                900004976           09      00        
0330002300038Z70976E196A1B6983B58CB83                                         PGTFORNB08032013900004976                                                                                                                               00        
0330002300039J00039996563100000669788144670481804540096965001PELLEGRINO DISTRIBUIDORA DE AU08032013000000000066978000000000000000000000000000000080320130000000000669780000000000000004694                900004977           09      00        
0330002300040Z70976E1B78AD765138CE8E7                                         PGTFORNB08032013900004977                                                                                                                               00        
0330002300041J00034197563100001052501127464903106238015991000POLI FILTRO IND E COMERCIO LTD08032013000000000105250000000000000000000000000000000080320130000000001052500000000000000004695                900004978           09      00        
0330002300042Z70976E1ECD26FBE7CF0A213                                         PGTFORNB08032013900004978                                                                                                                               00        
0330002300043J00034196563100001312811128880220120191074004000POLIPECAS COMERCIAL E IMPORTAD08032013000000000131281000000000009190000000000000000080320130000000001220910000000000000004696                900004979           09      00        
0330002300044Z70976E11F1C4EA083EA287F                                         PGTFORNB08032013900004979                                                                                                                               00        
0330002300045J00039994563100007153703133560592905313093513001REAL MOTO PECAS LTDA          08032013000000000715370000000000000000000000000000000080320130000000007153700000000000000004697                900004980           09      00        
0330002300046Z70976E1BE53428C39CF7638                                         PGTFORNB08032013900004980                                                                                                                               00        
0330002300047J00039996563100001447513133561443005313093513001REAL MOTO PECAS LTDA          08032013000000000144751000000000000000000000000000000080320130000000001447510000000000000004698                900004981           09      00        
0330002300048Z70976E145A99A0E863B0EDC                                         PGTFORNB08032013900004981                                                                                                                               00        
0330002300049J00023797563100000302800738093046000003500063200SARAIVA DISTR. AUTO PECAS LTDA08032013000000000030280000000000000000000000000000000080320130000000000302800000000000000004699                900004982           09      00        
0330002300050Z70976E18B46870CD3AC5D1A                                         PGTFORNB08032013900004982                                                                                                                               00        
0330002300051J00023791563100000558563395090000005215900650000SORANA SUL                    08032013000000000055856000000000000000000000000000000080320130000000000558560000000000000004700                900004983           09      00        
0330002300052Z70976E1CEE0A8AE7594E19F                                         PGTFORNB08032013900004983                                                                                                                               00        
0330002300053J00034196563100001019121128224004070480001510000SUSIN FRANCESCUTTI METAL LTDA 08032013000000000101912000000000000000000000000000000080320130000000001019120000000000000004701                900004984           09      00        
0330002300054Z70976E13C07F49100F8B82D                                         PGTFORNB08032013900004984                                                                                                                               00        
0330002300055J00000195563100000105700000001555704202000134817VIRTUAL EXPRESS TRANSPORTES E 08032013000000000010570000000000000000000000000000000080320130000000000105700000000000000004702                900004985           09      00        
0330002300056Z70976E1EA9F98573942CD32                                         PGTFORNB08032013900004985                                                                                                                               00        
03300025         000058000000000002877487000000000000000000310308                                                                                                                                                                               
03300031C2003031 2054375370001370033006500490028050300065 0000480000414 AUTO GERAL DE ITU LTDA                                                                              00000                                   00000000                    
0330003300001A0007001040123400003000013382 MARCOS PAIVA DUQUE ESTRADA ME 4703                08032013BRL000000000000000000000000272500900004951           08032013000000000272500                                        07          000        
0330003300002B   209577113000129                              00000                                                  00000000  080320130000000002725000000000000000000000000000000000000000000000000000000000000000000                00        
0330003300003Z70976E1EA826262E00612EE                                         PGTFORNB08032013900004951                                                                                                                               00        
03300035         000005000000000000272500000000000000000000030308                                                                                                                                                                               
03399999         000003000079000000                                                                                                                                                                                                             
