03300000         2054375370001370033006500490028050300065 0000480000414 AUTO GERAL DE ITU LTDA        SANTANDER                               21601201313154000016006000000                                                                     
03300011C2011030 2054375370001370033006500490028050300065 0000480000414 AUTO GERAL DE ITU LTDA                                                                              00000                                   00000000                    
0330001300001O00083640000002124801103002700051170210005915431CIA PIRATININGA DE FORCA E LUZ16012013160120130000000000212482930                900003212                                                                               00        
0330001300002Z70976E1A28CEFBF1F848FA1                                         PGTFORNB16012013900003212                                                                                                                               00        
03300015         000004000000000000021248000000000000000000110116                                                                                                                                                                               
03300021C2011030 2054375370001370033006500490028050300065 0000480000414 AUTO GERAL DE ITU LTDA                                                                              00000                                   00000000                    
0330002300001O00085690000000769900253038760423220604000044513SEFAZ SP IPVA                 16012013160120130000000000076992926                900003213                                                                               00        
0330002300002Z70976E135CD62A968CFBDB8                                         PGTFORNB16012013900003213                                                                                                                               00        
0330002300003O00085640000000741600253038760416212904000044513SEFAZ SP IPVA                 16012013160120130000000000074162927                900003214                                                                               00        
0330002300004Z70976E18595FB3D1F2662FB                                         PGTFORNB16012013900003214                                                                                                                               00        
0330002300005O00085660000000935200253066950511092484000044513SEFAZ SP IPVA                 16012013160120130000000000093522928                900003215                                                                               00        
0330002300006Z70976E11080050074BD9DA8                                         PGTFORNB16012013900003215                                                                                                                               00        
0330002300007O00085680000000954400253066950523057894000044513SEFAZ SP IPVA                 16012013160120130000000000095442929                900003216                                                                               00        
0330002300008Z70976E12DDC4F5E48D9B2CB                                         PGTFORNB16012013900003216                                                                                                                               00        
03300025         000010000000000000034011000000000000000000110116                                                                                                                                                                               
03399999         000002000016000000                                                                                                                                                                                                             
