03300000         2054375370001370033006500490028050300065 0000480000414 AUTO GERAL DE ITU LTDA        SANTANDER                               21412201210311600010106000000                                                                     
03300011C2011030 2054375370001370033006500490028050300065 0000480000414 AUTO GERAL DE ITU LTDA                                                                              00000                                   00000000                    
0330001300001O00083630000005545701103001773904650210002565404CIA PIRATININGA DE FORCA E LUZ14122012141220120000000000554571848                900002058                                                                               00        
0330001300002Z70976E19E9611F5FEB2C96D                                         PGTFORNB14122012900002058                                                                                                                               00        
03300015         000004000000000000055457000000000000000000111214                                                                                                                                                                               
03399999         000001000006000000                                                                                                                                                                                                             
