03300000         2054375370001370033006500490028050300065 0000480000414 AUTO GERAL DE ITU LTDA        SANTANDER                               21803201313160200027406000000                                                                     
03300011C2011030 2054375370001370033006500490028050300065 0000480000414 AUTO GERAL DE ITU LTDA                                                                              00000                                   00000000                    
0330001300001O00083620000001810701103003100499580210005915431CIA PIRATININGA DE FORCA E LUZ18032013180320130000000000181075015                900005297                                                                               00        
0330001300002Z70976E1FBC6BBAFCC195570                                         PGTFORNB18032013900005297                                                                                                                               00        
03300015         000004000000000000018107000000000000000000110318                                                                                                                                                                               
03399999         000001000006000000                                                                                                                                                                                                             
