03300000         2054375370001370033006500490028050300065 0000480000414 AUTO GERAL DE ITU LTDA        BANCO SANTANDER                         20511201212451800002206000000                                        G4016PF00528                 
03300011C2003031 2054375370001370033006500490028050300065 0000480000414 AUTO GERAL DE ITU LTDA                                                AV DR OCTAVIANO PEREIRA MENDES01333               ITU                 13301000SP                  
0330001300001A00070039900454000000000575219TRELLEBORG AUTO DO BRASIL     474                 05112012BRL000000000000000000000000205262900000674           00000000000000000000000                                        07          0BD        
0330001300002B   203249921000180                              00000                                                  00000000  051120120000000002052620000000000000000000000000000000000000000000000000000000000000000           00000          
0330001300003A0007002370055090000000002321 JAMAICA MANGUEIRAS            475                 05112012BRL000000000000000000000000278877900000675           00000000000000000000000                                        07          0BD        
0330001300004B   262157094000164                              00000                                                  00000000  051120120000000002788770000000000000000000000000000000000000000000000000000000000000000           00000          
03300015         000006000000000000484139000000000000000000                                                                                                                                                                                     
03300021C2030030 205437537000137003300650049002805030006550000480000414 AUTO GERAL DE ITU LTDA                                                AV DR OCTAVIANO PEREIRA MENDES01333               ITU                 13301000SP                  
0330002300001J00003397550800001157579513931700000103175620101DISTRIBUIDORA ATOMOTIVA S.A   0511201200000000011575700000000003636200000000000000005112012000000000079395000000000000000410                 900000676           00      BD        
03300025         000003000000000000079395000000000000000000                                                                                                                                                                                     
03300031C2031030 205437537000137003300650049002805030006550000480000414 AUTO GERAL DE ITU LTDA                                                AV DR OCTAVIANO PEREIRA MENDES01333               ITU                 13301000SP                  
0330003300001J00034192550800000961841125275109300249809195000DRIVEWAY IND BRASIL AUTO PECAS0511201200000000009618400000000000000000000000000000005112012000000000096184000000000000000384                 900000677           00      BD        
0330003300002J00034195550800000317521570173841338073000898000SDAP SOROCABA D A P LTDA ME   0511201200000000003175200000000000000000000000000000005112012000000000031752000000000000000385                 900000678           00      BD        
0330003300003J00039999550800002025372696541359504540096965001PELLEGRINO DISTR DE AUTOPECAS 0511201200000000020253700000000000000000000000000000005112012000000000202537000000000000000386                 900000679           00      BD        
0330003300004J00023799550800001841532500090256566037900000340ODAPEL DISTRIBUIDORA DE AUTO P0511201200000000018415300000000000000000000000000000005112012000000000184153000000000000000387                 900000680           00      BD        
0330003300005J00023791550700000333123395061180232795000028140ROCHESTER DISTRIBUIDORA DE AUT0411201200000000003331200000000000000000000000000000005112012000000000033312000000000000000388                 900000681           00      BD        
0330003300006J00034191550800000165361122814467432938000052000EATON LTDA                    0511201200000000001653600000000000000000000000000000005112012000000000016536000000000000000389                 900000682           00      BD        
0330003300007J00034192550800000016581122814463622938000052000EATON LTDA                    0511201200000000000165800000000000000000000000000000005112012000000000001658000000000000000390                 900000683           00      BD        
0330003300008J00034192550800000148001122924124032938069560000TEMPO AUTOMOVEIS PECAS LTDA   0511201200000000001480000000000000000000000000000000005112012000000000014800000000000000000391                 900000684           00      BD        
0330003300009J00000191550800000393330000001244482993004997117RPT DISTRIBUIDORA DE AUTO PECA0511201200000000003933300000000000000000000000000000005112012000000000039333000000000000000392                 900000685           00      BD        
0330003300010J00000191550800000631200000001244482993004986517RPT DISTRIBUIDORA DE AUTO PECA0511201200000000006312000000000000000000000000000000005112012000000000063120000000000000000393                 900000686           00      BD        
0330003300011J00023793550800005279933484092247000075401129000PETRONAS LUBRIFICANTES BRASIL 0511201200000000052799300000000000000000000000000000005112012000000000527993000000000000000394                 900000687           00      BD        
0330003300012J00023799550800000600000136092255000004301269910MEMORIAL COMERCIO DE PECAS LTD0511201200000000006000000000000000000000000000000000005112012000000000060000000000000000000395                 900000688           00      BD        
0330003300013J00023795550800007338773484092275000074601129000PETRONAS LUBRIFICANTES BRASIL 0511201200000000073387700000000000000000000000000000005112012000000000733877000000000000000396                 900000689           00      BD        
0330003300014J00023799550800002669293484092275000074901129000PETRONAS LUBRIFICANTES BRASIL 0511201200000000026692900000000000000000000000000000005112012000000000266929000000000000000397                 900000690           00      BD        
0330003300015J00023791550800000275513484092275000122901129000PETRONAS LUBRIFICANTES BRASIL 0511201200000000002755100000000000000000000000000000005112012000000000027551000000000000000398                 900000691           00      BD        
0330003300016J00023795550800000587243394090000009383100324600MORELATE DISTRIBUIDORA DE AUTO0511201200000000005872400000000000000000000000000000005112012000000000058724000000000000000399                 900000692           00      BD        
0330003300017J00000199550800000243200000001244482976000628917RENOVA AUTO PECAS LTDA ME     0511201200000000002432000000000000000000000000000000005112012000000000024320000000000000000400                 900000693           00      BD        
0330003300018J00000198550800003791654584341656800370004790718DB DISTRIBUIDORA DE BATERIAS L0511201200000000037916500000000000000000000000000000005112012000000000379165000000000000000401                 900000694           00      BD        
0330003300019J00000194550800006157594584341656900370004790718DB DISTRIBUIDORA DE BATERIAS L0511201200000000061575900000000000000000000000000000005112012000000000615759000000000000000402                 900000695           00      BD        
0330003300020J00035698550800000369930689070323410000004887743DISTRIBUIDORA ATOMOTIVA S.A   0511201200000000003699300000000000000000000000000000005112012000000000036993000000000000000403                 900000696           00      BD        
0330003300021J00035694550800000308720689070323490000004887760DISTRIBUIDORA ATOMOTIVA S.A   0511201200000000003087200000000000000000000000000000005112012000000000030872000000000000000404                 900000697           00      BD        
0330003300022J00035699550800001887030689070323420000004887544DISTRIBUIDORA ATOMOTIVA S.A   0511201200000000018870300000000000000000000000000000005112012000000000188703000000000000000405                 900000698           00      BD        
0330003300023J00035694550800002157180689070323420000005549788DISTRIBUIDORA ATOMOTIVA S.A   0511201200000000021571800000000000000000000000000000005112012000000000215718000000000000000406                 900000699           00      BD        
0330003300024J00035692550800000535680689070323460000005549800DISTRIBUIDORA ATOMOTIVA S.A   0511201200000000005356800000000000000000000000000000005112012000000000053568000000000000000407                 900000700           00      BD        
0330003300025J00035698550800000546580689070323480000004887563DISTRIBUIDORA ATOMOTIVA S.A   0511201200000000005465800000000000000000000000000000005112012000000000054658000000000000000408                 900000701           00      BD        
0330003300026J00035691550800002054310689070323430000004887535DISTRIBUIDORA ATOMOTIVA S.A   0511201200000000020543100000000000000000000000000000005112012000000000205431000000000000000409                 900000702           00      BD        
0330003300027J00035699550800000156660689070323440000004887690DISTRIBUIDORA ATOMOTIVA S.A   0511201200000000001566600000000000000000000000000000005112012000000000015666000000000000000411                 900000703           00      BD        
0330003300028J00034199550800000050661124849120872938000052000EATON LTDA                    0511201200000000000506600000000000000000000000000000005112012000000000005066000000000000000412                 900000704           00      BD        
0330003300029J00023795550800005656163372092292000001305096800METALURGICA SCHADEK LTDA      0511201200000000056561600000000000000000000000000000005112012000000000565616000000000000000413                 900000705           00      BD        
0330003300030J00023794550800001967953395061180232796100028140ROCHESTER DISTRIBUIDORA DE AUT0511201200000000019679500000000000000000000000000000005112012000000000196795000000000000000414                 900000706           00      BD        
0330003300031J00034196550800000342111125077156322938025125000MAHLE METAL LEVE S/A          0511201200000000003421100000000000000000000000000000005112012000000000034211000000000000000415                 900000707           00      BD        
0330003300032J00039996550800002341771762347130611960078237001BAP AUTOMOTIVA LTDA           0511201200000000023417700000000000000000000000000000005112012000000000234177000000000000000416                 900000708           00      BD        
0330003300033J00039991550800001034691762347129211960078237001BAP AUTOMOTIVA LTDA           0511201200000000010346900000000000000000000000000000005112012000000000103469000000000000000417                 900000709           00      BD        
0330003300034J00039993550800001058621762347128411960078237001BAP AUTOMOTIVA LTDA           0511201200000000010586200000000000000000000000000000005112012000000000105862000000000000000418                 900000710           00      BD        
0330003300035J00023799550800011887083372092292000001405096800METALURGICA SCHADEK LTDA      0511201200000000118870800000000000000000000000000000005112012000000001188708000000000000000419                 900000711           00      BD        
0330003300036J00039994550800000660992696541352804540096965001PELLEGRINO DISTRIBUIDORA DE AU0511201200000000006609900000000000000000000000000000005112012000000000066099000000000000000420                 900000712           00      BD        
0330003300037J00000197550800001071100000002175416000002534617SK AUTOMOTIVE S/A DIST. AUTOPC0511201200000000010711000000000000000000000000000000005112012000000000107110000000000000000421                 900000713           00      BD        
0330003300038J00000199550800001348560000002175416000002532117SK AUTOMOTIVE S/A DIST. AUTOPC0511201200000000013485600000000000000000000000000000005112012000000000134856000000000000000422                 900000714           00      BD        
0330003300039J00000191550800000338470000001451450000033038217SK AUTOMOTIVE S/A DIST. AUTOPC0511201200000000003384700000000000000000000000000000005112012000000000033847000000000000000423                 900000715           00      BD        
0330003300040J00000194550800001548380000002175416000002534517SK AUTOMOTIVE S/A DIST. AUTOPC0511201200000000015483800000000000000000000000000000005112012000000000154838000000000000000424                 900000716           00      BD        
0330003300041J00023793550800001140402044091322630347700193710J M CHAVES CARBURADORES       0511201200000000011404000000000000000000000000000000005112012000000000114040000000000000000425                 900000717           00      BD        
0330003300042J00034196550800000083441124849120792938000052000EATON LTDA                    0511201200000000000834400000000000000000000000000000005112012000000000008344000000000000000426                 900000718           00      BD        
0330003300043J00023798550800000100363372090000005460500584500MAGGI CAMINHOES LTDA          0511201200000000001003600000000000000000000000000000005112012000000000010036000000000000000427                 900000719           00      BD        
0330003300044J00034195550800000245901090004690363048092666000SAF DIESEL VEICULOS LTDA      0511201200000000002459000000000000000000000000000000005112012000000000024590000000000000000428                 900000720           00      BD        
0330003300045J00039991550800000046181761298485904540079149001BANCO SOFISA SA               0511201200000000000461800000000000000000000000000000005112012000000000004618000000000000000429                 900000721           00      BD        
0330003300046J00039994550800000357201761298484004540079149001BANCO SOFISA SA               0511201200000000003572000000000000000000000000000000005112012000000000035720000000000000000430                 900000722           00      BD        
0330003300047J00034191550800000304281579903115088513169824000SEBASTIAO PER XAVIER SOROC ME 0511201200000000003042800000000000000000000000000000005112012000000000030428000000000000000431                 900000723           00      BD        
0330003300048J00035692550700000370900409503986770000000232666ITA PECAS PARA VEICULOS COM E 0411201200000000003709000000000000000000000000000000005112012000000000037090000000000000000432                 900000724           00      BD        
0330003300049J00034195550700001320931122977288372938107808000ELIVEL AUTOMOTORES LTDA       0411201200000000013209300000000000000000000000000000005112012000000000132093000000000000000433                 900000725           00      BD        
0330003300050J00023794550700000687443394090000009290700324600MORELATE DISTRIBUIDORA DE AUTO0411201200000000006874400000000000000000000000000000005112012000000000068744000000000000000434                 900000726           00      BD        
0330003300051J00034197550700001060021124653154098351016152000MANDO MACHINERY LTDA          0411201200000000010600200000000000000000000000000000005112012000000000106002000000000000000435                 900000727           00      BD        
0330003300052J00023791550700000810001286092277000004500121220MANDO MACHINERY LTDA          0411201200000000008100000000000000000000000000000000005112012000000000081000000000000000000436                 900000728           00      BD        
0330003300053J00039992550700000742681761638775804570524809001F CONFURTO IND COM PCS E ACESS0411201200000000007426800000000000000000000000000000005112012000000000074268000000000000000437                 900000729           00      BD        
0330003300054J00034198550700001463931124369967902938000052000EATON LTDA                    0411201200000000014639300000000000000000000000000000005112012000000000146393000000000000000438                 900000730           00      BD        
0330003300055J00034191550700000685541124369974912938000052000EATON LTDA                    0411201200000000006855400000000000000000000000000000005112012000000000068554000000000000000439                 900000731           00      BD        
0330003300056J00023794550600000511313394090000009224300324600MORELATE DISTRIBUIDORA DE AUTO0311201200000000005113100000000000000000000000000000005112012000000000051131000000000000000440                 900000732           00      BD        
0330003300057J00000199550600000380100000002096856000001953517PRV COMERCIO DE PECAS LTDA    0311201200000000003801000000000000000000000000000000005112012000000000038010000000000000000441                 900000733           00      BD        
0330003300058J00034191550600000119371124332367452938000052000EATON LTDA                    0311201200000000001193700000000000000000000000000000005112012000000000011937000000000000000442                 900000734           00      BD        
0330003300059J00034191550600000161421124332367522938000052000EATON LTDA                    0311201200000000001614200000000000000000000000000000005112012000000000016142000000000000000443                 900000735           00      BD        
0330003300060J00023799550600000079603394093704061620100039600DE NIGRIS DISTR DE VEIC LTDA  0311201200000000000796000000000000000000000000000000005112012000000000007960000000000000000444                 900000736           00      BD        
0330003300061J00034195550600000592121090000458188052016014000IRMAOS FERRETI E CIA LTDA     0311201200000000005921200000000000000000000000000000005112012000000000059212000000000000000445                 900000737           00      BD        
0330003300062J00023795550600003999001440090000005466200033570FORT LUB PRODUTOS AUT         0311201200000000039990000000000000000000000000000000005112012000000000399900000000000000000446                 900000738           00      BD        
0330003300063J00039997550800003528152053151143405313093513001REAL MOTO PECAS LTDA          0511201200000000035281500000000000000000000000000000005112012000000000352815000000000000000447                 900000739           00      BD        
0330003300064J00034191550800000261961125156441132395000033000KOGA KOGA CIA LTDA            0511201200000000002619600000000000000000000000000000005112012000000000026196000000000000000448                 900000740           00      BD        
0330003300065J00034191550800001185681125126432090017328824000MTE THOMSON IND COM LTDA      0511201200000000011856800000000000000000000000000000005112012000000000118568000000000000000449                 900000741           00      BD        
0330003300066J00034193550800009011631125126427970017697418000THOMSON C I COM PROD AUTO LTDA0511201200000000090116300000000000000000000000000000005112012000000000901163000000000000000450                 900000742           00      BD        
0330003300067J00034192000000000000001219762121271012365225000PACAEMBU AUTO PECAS LTDA      0511201200000000009891000000000000000000000000000000005112012000000000098910000000000000000451                 900000743           00      BD        
0330003300068J00034195550800000088311125126432170017328824000MTE THOMSON IND COM LTDA      0511201200000000000883100000000000000000000000000000005112012000000000008831000000000000000452                 900000744           00      BD        
0330003300069J00034194550800003462441125126428050017697418000THOMSON C I COM PROD AUT LTDA 0511201200000000034624400000000000000000000000000000005112012000000000346244000000000000000453                 900000745           00      BD        
0330003300070J00034192550600011109931125192748830046046249000CENTAURO IND E COMERCIO LTDA  0311201200000000111099300000000000000000000000000000005112012000000001110993000000000000000454                 900000746           00      BD        
0330003300071J00034193550800000902501124690667437460278760000ASTRO TECNOLOGIA I C LTDA     0511201200000000009025000000000000000000000000000000005112012000000000090250000000000000000455                 900000747           00      BD        
0330003300072J00034191550800000961001124765165400765234976000GIANCAR DISTR AUTO PECAS LTDA 0511201200000000009610000000000000000000000000000000005112012000000000096100000000000000000456                 900000748           00      BD        
0330003300073J00034197000000000000001219762120021012365225000PACAEMBU AUTO PECAS LTDA      0511201200000000024337000000000000000000000000000000005112012000000000243370000000000000000457                 900000749           00      BD        
0330003300074J00000197550800003323880441569141034120000204711INSTALADORA SAO MARCOS LTDA   0511201200000000033238800000000000000000000000000000005112012000000000332388000000000000000458                 900000750           00      BD        
0330003300075J00034191000000000000001219762120361012365225000PACAEMBU AUTO PECAS LTDA      0511201200000000039840100000000000000000000000000000005112012000000000398401000000000000000459                 900000751           00      BD        
0330003300076J00034194550800000297911124818122070548006287000ELETROPAR AUTOPECAS LTDA      0511201200000000002979100000000000000000000000000000005112012000000000029791000000000000000460                 900000752           00      BD        
0330003300077J00034198550700000445991122816861166676980086000NOVA DISTRIBUIDORA DE VEICULOS0411201200000000004459900000000000000000000000000000005112012000000000044599000000000000000461                 900000753           00      BD        
0330003300078J00034193550700000837291122802238790046365078000FELICIO VIGORITO FILHOS LTDA  0411201200000000008372900000000000000000000000000000005112012000000000083729000000000000000462                 900000754           00      BD        
0330003300079J00034194550700000544061123879129520237417159000ACCIOLY SA IMP E EXP          0411201200000000005440600000000000000000000000000000005112012000000000054406000000000000000463                 900000755           00      BD        
0330003300080J00034198550700000094501124686866080076000777000CENTER PECAS FABBRI LTDA      0411201200000000000945000000000000000000000000000000005112012000000000009450000000000000000464                 900000756           00      BD        
0330003300081J00034194550700000100001124686865660076000777000CENTER PECAS FABBRI LTDA      0411201200000000001000000000000000000000000000000000005112012000000000010000000000000000000465                 900000757           00      BD        
0330003300082J00034191550600000250001124686865580076000777000CENTER PECAS FABBRI LTDA      0311201200000000002500000000000000000000000000000000005112012000000000025000000000000000000466                 900000758           00      BD        
0330003300083J00034191550600000168001124686865820076000777000CENTER PECAS FABBRI LTDA      0311201200000000001680000000000000000000000000000000005112012000000000016800000000000000000467                 900000759           00      BD        
0330003300084J00034195550600000282001124686865740076000777000CENTER PECAS FABBRI LTDA      0311201200000000002820000000000000000000000000000000005112012000000000028200000000000000000468                 900000760           00      BD        
0330003300085J00000196550700000483340000001216979441384594331NOVA DISTRIBUIDORA DE VEICULOS0411201200000000004833400000000000000000000000000000005112012000000000048334000000000000000469                 900000761           00      BD        
0330003300086J00000191550800000149900000001391585010835945317DIMAS MELO PIMENTA SIST PTO AC0511201200000000001499000000000000000000000000000000005112012000000000014990000000000000000470                 900000762           00      BD        
0330003300087J00000192550800000257000000001391585010835835317DIMAS MELO PIMENTA SIST PTO AC0511201200000000002570000000000000000000000000000000005112012000000000025700000000000000000471                 900000763           00      BD        
0330003300088J00000191550800000710000000002320802000000022717JOAO PAULO RODRIGUES PORTO FEL0511201200000000007100000000000000000000000000000000005112012000000000071000000000000000000472                 900000764           00      BD        
0330003300089J00034194550800000998641570189323250278683974000CRISTIANE R A FERNANDES ME    0511201200000000009986400000000000000000000000000000005112012000000000099864000000000000000473                 900000765           00      BD        
03300035         000091000000000013322270000000000000000000                                                                                                                                                                                     
03399999         000003000102000000                                                                                                                                                                                                             
