03300000         2054375370001370033006500490028050300065 0000480000414 AUTO GERAL DE ITU LTDA        SANTANDER                               20403201303242400024806000000                                                                     
03300011C2030030 2054375370001370033006500490028050300065 0000480000414 AUTO GERAL DE ITU LTDA                                                                              00000                                   00000000                    
0330001300001J00003398562700008804199121618000000004304200203TARANTO COML IMP E EXP        04032013000000000880419000000000000000000000000000000040320130000000008804190000000000000004514                900004788           09      00        
0330001300002Z70976E1D69B16388E1BBCEF                                         PGTFORNB04032013900004788                                                                                                                               00        
03300015         000004000000000000880419000000000000000000300304                                                                                                                                                                               
03300021C2031030 2054375370001370033006500490028050300065 0000480000414 AUTO GERAL DE ITU LTDA                                                                              00000                                   00000000                    
0330002300001J00023799562700012060680122093053000003001823810CODISA DISTRIBUIDORA DE AUTO P04032013000000001206068000000000000000000000000000000040320130000000012060680000000000000004506                900004789           09      00        
0330002300002Z70976E1C0FEF8247EFA3567                                         PGTFORNB04032013900004789                                                                                                                               00        
0330002300003J00023798562700014732210285093053000004400943470DISTRIBUIDORA BRASUL DE AUTOPE04032013000000001473221000000000000000000000000000000040320130000000014732210000000000000004507                900004790           09      00        
0330002300004Z70976E1DEEC2E635A3F299A                                         PGTFORNB04032013900004790                                                                                                                               00        
0330002300005J00034198562700022327291128649680225574053863000FAROL FOMENTO MERCANTIL LTDA  04032013000000002232729000000000000000000000000000000040320130000000022327290000000000000004508                900004791           09      00        
0330002300006Z70976E19758B33027FAA954                                         PGTFORNB04032013900004791                                                                                                                               00        
0330002300007J00034199562700008489041128649680305574053863000FAROL FOMENTO MERCANTIL LTDA  04032013000000000848904000000000000000000000000000000040320130000000008489040000000000000004509                900004792           09      00        
0330002300008Z70976E112F5FD5AC5AC35C1                                         PGTFORNB04032013900004792                                                                                                                               00        
0330002300009J00039996562700008331168144670151704540096965001PELLEGRINO DISTRIBUIDORA DE AU04032013000000000833116000000000000000000000000000000040320130000000008331160000000000000004510                900004793           09      00        
0330002300010Z70976E15D07D39E4C7FDEB2                                         PGTFORNB04032013900004793                                                                                                                               00        
0330002300011J00023794562500008726613484093030000049401129000PETRONAS LUBRIFICANTES BRASIL 02032013000000000872661000000000000000000000000000000040320130000000008726610000000000000004511                900004794           09      00        
0330002300012Z70976E12CDB23D17F718B04                                         PGTFORNB04032013900004794                                                                                                                               00        
0330002300013J00039998562700001447503133561442105313093513001REAL MOTO PECAS LTDA          04032013000000000144750000000000000000000000000000000040320130000000001447500000000000000004512                900004795           09      00        
0330002300014Z70976E1932BC3F1B9E3F121                                         PGTFORNB04032013900004795                                                                                                                               00        
0330002300015J00039995562700007153693133560591005313093513001REAL MOTO PECAS LTDA          04032013000000000715369000000000000000000000000000000040320130000000007153690000000000000004513                900004796           09      00        
0330002300016Z70976E12197B3CA05E472DE                                         PGTFORNB04032013900004796                                                                                                                               00        
0330002300017J00023791562700010336523178190000018340600421050TUPER DISTRIB. PROD. METALURGI04032013000000001033652000000000000000000000000000000040320130000000010336520000000000000004515                900004797           09      00        
0330002300018Z70976E104C9A1BF69BD7D2B                                         PGTFORNB04032013900004797                                                                                                                               00        
0330002300019J00000195562700000530830000001148003000007378617VESPOR AUTOMOTIVE DIST DE AUTO04032013000000000053083000000000000000000000000000000040320130000000000530830000000000000004516                900004798           09      00        
0330002300020Z70976E1068C8D11038B4933                                         PGTFORNB04032013900004798                                                                                                                               00        
03300025         000022000000000009413553000000000000000000310304                                                                                                                                                                               
03399999         000002000028000000                                                                                                                                                                                                             
