03300000         2054375370001370033006500490028050300065 0000480000414 AUTO GERAL DE ITU LTDA        BANCO SANTANDER                         20811201208572500002506000000                                        G4016PF00528                 
03300011C2030030 205437537000137003300650049002805030006550000480000414 AUTO GERAL DE ITU LTDA                                                AV DR OCTAVIANO PEREIRA MENDES01333               ITU                 13301000SP                  
0330001300001J00003399551100000448009173505500000005462750203BODIPASA BOMBAS DIESEL PAULIST0811201200000000004480000000000000000000000000000000008112012000000000044800000000000000000543                 900000833           00      BD        
0330001300002J00003391551100002623699482966200000020327830104CAR CENTRAL DE AUTOPECAS E ROL0811201200000000026236900000000000000000000000000000008112012000000000262369000000000000000544                 900000834           00      BD        
0330001300003J00003395551100000340209140743000000000904840203ROM COML DE AUTOPECAS LTDA    0811201200000000003402000000000000000000000000000000008112012000000000034020000000000000000559                 900000835           00      BD        
03300015         000005000000000000341189000000000000000000                                                                                                                                                                                     
03300021C2031030 205437537000137003300650049002805030006550000480000414 AUTO GERAL DE ITU LTDA                                                AV DR OCTAVIANO PEREIRA MENDES01333               ITU                 13301000SP                  
0330002300001J00023791551100000199923371090000833716700719500AVEBRAZ COM DE VEICULOS E PECA0811201200000000001999200000000000000000000000000000008112012000000000019992000000000000000541                 900000836           00      BD        
0330002300002J00000198551100000321900441847735733620000200231BAP AUTOMOTIVA LTDA           0811201200000000003219000000000000000000000000000000008112012000000000032190000000000000000542                 900000837           00      BD        
0330002300003J00039997551100000365131761800868104061860231001CAR CENTRAL DE AUTOPECAS E ROL0811201200000000003651300000000000000000000000000000008112012000000000036513000000000000000545                 900000838           00      BD        
0330002300004J00034193551100000132001124863225660076000777000CENTER PECAS FABBRI LTDA      0811201200000000001320000000000000000000000000000000008112012000000000013200000000000000000546                 900000839           00      BD        
0330002300005J00034192551100000035901124863226320076000777000CENTER PECAS FABBRI LTDA      0811201200000000000359000000000000000000000000000000008112012000000000003590000000000000000547                 900000840           00      BD        
0330002300006J00023793551100000867373262090000028930800935470COMDIP COML DISTR DE PECAS LTD0811201200000000008673700000000000000000000000000000008112012000000000086737000000000000000548                 900000841           00      BD        
0330002300007J00023792551100001257913262090000029283900935470COMDIP COML DISTR DE PECAS LTD0811201200000000012579100000000000000000000000000000008112012000000000125791000000000000000549                 900000842           00      BD        
0330002300008J00000191551100000394300000002101041441623283611DECAL LINE COM PREST SERV SILK0811201200000000003943000000000000000000000000000000008112012000000000039430000000000000000550                 900000843           00      BD        
0330002300009J00034198551100000912251124389182222938030539000DELPHI AUTOM SYSTEMS BR LTDA  0811201200000000009122500000000000000000000000000000008112012000000000091225000000000000000551                 900000844           00      BD        
0330002300010J00000192551100003596191610087068514830000770017DIAS  DIAS DISTR DE PECAS LTDA0811201200000000035961900000000000000000000000000000008112012000000000359619000000000000000552                 900000845           00      BD        
0330002300011J00035691551100000191900689070323440000005551329DISTRIBUIDORA AUTOMOTIVA LTDA 0811201200000000001919000000000000000000000000000000008112012000000000019190000000000000000553                 900000846           00      BD        
0330002300012J00035691551100000425950689070323400000004888379DISTRIBUIDORA AUTOMOTIVA LTDA 0811201200000000004259500000000000000000000000000000008112012000000000042595000000000000000554                 900000847           00      BD        
0330002300013J00023798551100000302730138092271000001501453000OBB CONSULTORIA E PARTICIPACOE0811201200000000003027300000000000000000000000000000008112012000000000030273000000000000000555                 900000848           00      BD        
0330002300014J00034197551100000563191122932223972938000052000EATON LTDA                    0811201200000000005631900000000000000000000000000000008112012000000000056319000000000000000556                 900000849           00      BD        
0330002300015J00034191551100000157111124949564962938000052000EATON LTDA                    0811201200000000001571100000000000000000000000000000008112012000000000015711000000000000000557                 900000850           00      BD        
0330002300016J00034191551100000131761124949573872938000052000EATON LTDA                    0811201200000000001317600000000000000000000000000000008112012000000000013176000000000000000558                 900000851           00      BD        
0330002300017J00034198551100000717271124837294092938107808000ELIVEL AUTOMOTORES LTDA       0811201200000000007172700000000000000000000000000000008112012000000000071727000000000000000560                 900000852           00      BD        
0330002300018J00034194551100000216381090000523100046365078000VIGORITO CAMILOPOLIS          0811201200000000002163800000000000000000000000000000008112012000000000021638000000000000000561                 900000853           00      BD        
0330002300019J00034191551100001548251090303974430109276204000GIRANDO COMERCIO DE PECAS LTDA0811201200000000015482500000000000000000000000000000008112012000000000154825000000000000000562                 900000854           00      BD        
0330002300020J00034198551100000360101090303976740109276204000GIRANDO COMERCIO DE PECAS LTDA0811201200000000003601000000000000000000000000000000008112012000000000036010000000000000000563                 900000855           00      BD        
0330002300021J00034198551100000037681090303974500109276204000GIRANDO COMERCIO DE PECAS LTDA0811201200000000000376800000000000000000000000000000008112012000000000003768000000000000000564                 900000856           00      BD        
0330002300022J00000199551100001137540439884598212030007414511HT COMPONENTES AUTOMOTIVOS LTD0811201200000000011375400000000000000000000000000000008112012000000000113754000000000000000565                 900000857           00      BD        
0330002300023J00034197551100000652401124872551953909030599000HYDRONLUBZ IND C EQUIPAMENTOS 0811201200000000006524000000000000000000000000000000008112012000000000065240000000000000000567                 900000858           00      BD        
0330002300024J00023791551100000185142500090256566130000000340ODAPEL DISTR DE AUTOPECAS LTDA0811201200000000001851400000000000000000000000000000008112012000000000018514000000000000000568                 900000859           00      BD        
0330002300025J00023793551100000789172500090256566144400000340ODAPEL DISTR DE AUTOPECAS LTDA0811201200000000007891700000000000000000000000000000008112012000000000078917000000000000000569                 900000860           00      BD        
0330002300026J00039997551100000253988144664736904540096965001PELLEGRINO DISTR DE AUTOPECAS 0811201200000000002539800000000000000000000000000000008112012000000000025398000000000000000570                 900000861           00      BD        
0330002300027J00023796551100000633313484092255000014401129000PETRONAS LUBRIFICANTES BRASIL 0811201200000000006333100000000000000000000000000000008112012000000000063331000000000000000571                 900000862           00      BD        
0330002300028J00023791551100000612443484092282000025001129000PETRONAS LUBRIFICANTES BRASIL 0811201200000000006124400000000000000000000000000000008112012000000000061244000000000000000572                 900000863           00      BD        
0330002300029J00034196551100000363001124764345610384625000000PECAS AUTOMOTIVAS ZEENE LTDA  0811201200000000003630000000000000000000000000000000008112012000000000036300000000000000000573                 900000864           00      BD        
0330002300030J00034194551100001745941125543475030191074004000POLIPECAS COMERCIAL E IMPORTAD0811201200000000017459400000000001222200000000000000008112012000000000162372000000000000000574                 900000865           00      BD        
0330002300031J00000193551100000673660000002096856000002170717PRV COM DE PECAS LTDA         0811201200000000006736600000000000000000000000000000008112012000000000067366000000000000000575                 900000866           00      BD        
0330002300032J00000195551100006127260441856527435710000216111RN IND E COM DE LENTES E LANTE0811201200000000061272600000000000000000000000000000008112012000000000612726000000000000000576                 900000867           00      BD        
0330002300033J00023795551100000560963395061180232798200028140ROCHESTER DISTR DE AUTOPECAS S0811201200000000005609600000000000000000000000000000008112012000000000056096000000000000000577                 900000868           00      BD        
0330002300034J00000194551100000250390000001244482993005356017RPT DISTR DE AUTO PCS         0811201200000000002503900000000000000000000000000000008112012000000000025039000000000000000578                 900000869           00      BD        
0330002300035J00023795551100000284794130074130005337000050880SOUZA RAMOS COM E IMP LTDA    0811201200000000002847900000000000000000000000000000008112012000000000028479000000000000000579                 900000870           00      BD        
0330002300036J00034194551100010469371090000115345199147918000UNIBOMBAS IND COM DE AUTOPECAS0811201200000000104693700000000000000000000000000000008112012000000001046937000000000000000580                 900000871           00      BD        
0330002300037J00023794000000000000002025062025186004400001600BARROS E FILHOS LTDA          0811201200000000015813100000000000000000000000000000008112012000000000158131000000000000000581                 900000872           00      BD        
03300025         000039000000000003893363000000000000000000                                                                                                                                                                                     
03399999         000002000046000000                                                                                                                                                                                                             
