03300000         2054375370001370033006500490028050300065 0000480000414 AUTO GERAL DE ITU LTDA        SANTANDER                               23101201302230600019306000000                                                                     
03300011C2031030 2054375370001370033006500490028050300065 0000480000414 AUTO GERAL DE ITU LTDA                                                                              00000                                   00000000                    
0330001300001J00010497559500000000009790518417799000309222271SICAP SIND COM ATAC IMP EXP E 31012013000000000064176000000000000000000000000000000310120130000000000641760000000000000003409                900003689           09      00        
0330001300002Z70976E1F959AB4B59E1198B                                         PGTFORNB31012013900003689                                                                                                                               00        
0330001300003J00010491559500000000009790518417799000309180271SICAP SIND COM ATAC IMP EXP E 31012013000000000016464000000000000000000000000000000310120130000000000164640000000000000003410                900003690           09      00        
0330001300004Z70976E1E101DEF0C629530C                                         PGTFORNB31012013900003690                                                                                                                               00        
0330001300005J00010498559500000000009790518417799000309263071SICAP SIND COM ATAC IMP EXP E 31012013000000000016464000000000000000000000000000000310120130000000000164640000000000000003411                900003691           09      00        
0330001300006Z70976E1D12638E7FAFE3528                                         PGTFORNB31012013900003691                                                                                                                               00        
0330001300007J00010495559500000000009790518417799000309198071SICAP SIND COM ATAC IMP EXP E 31012013000000000016464000000000000000000000000000000310120130000000000164640000000000000003412                900003692           09      00        
0330001300008Z70976E11008EF82AD3B4F5C                                         PGTFORNB31012013900003692                                                                                                                               00        
0330001300009J00010491559500000000009790518417799000309225871SICAP SIND COM ATAC IMP EXP E 31012013000000000016464000000000000000000000000000000310120130000000000164640000000000000003413                900003693           09      00        
0330001300010Z70976E1A8E64D9633C5CE10                                         PGTFORNB31012013900003693                                                                                                                               00        
0330001300011J00010499559500000000009786105417705437537000153SIND COM VAREJISTA PECAS ACESS31012013000000000064176000000000000000000000000000000310120130000000000641760000000000000003414                900003694           09      00        
0330001300012Z70976E1CB05EE30A25A4D6E                                         PGTFORNB31012013900003694                                                                                                                               00        
0330001300013J00010495559500000164649786105417705437537000253SIND COM VAREJISTA PECAS ACESS31012013000000000016464000000000000000000000000000000310120130000000000164640000000000000003415                900003695           09      00        
0330001300014Z70976E12F674B5E1176771A                                         PGTFORNB31012013900003695                                                                                                                               00        
0330001300015J00010491559500000164649786105417705437537000353SIND COM VAREJISTA PECAS ACESS31012013000000000016464000000000000000000000000000000310120130000000000164640000000000000003416                900003696           09      00        
0330001300016Z70976E1CB032777204782AD                                         PGTFORNB31012013900003696                                                                                                                               00        
0330001300017J00010494559500000164649786105417705437537000553SIND COM VAREJISTA PECAS ACESS31012013000000000016464000000000000000000000000000000310120130000000000164640000000000000003417                900003697           09      00        
0330001300018Z70976E135974A056F2B7844                                         PGTFORNB31012013900003697                                                                                                                               00        
0330001300019J00010491559500000164649786105417705437537000653SIND COM VAREJISTA PECAS ACESS31012013000000000016464000000000000000000000000000000310120130000000000164640000000000000003418                900003698           09      00        
0330001300020Z70976E106FFA90A8B573B3A                                         PGTFORNB31012013900003698                                                                                                                               00        
03300015         000022000000000000260064000000000000000000310131                                                                                                                                                                               
03399999         000001000024000000                                                                                                                                                                                                             
