03300000         2054375370001370033006500490028050300065 0000480000414 AUTO GERAL DE ITU LTDA        SANTANDER                               20103201302243700024606000000                                                                     
03300011C2030030 2054375370001370033006500490028050300065 0000480000414 AUTO GERAL DE ITU LTDA                                                                              00000                                   00000000                    
0330001300001J00003399562700003658679482285400000091874050203JOFUND S/A                    04032013000000000365867000000000000000000000000000000010320130000000003658670000000000000004465                900004706           09      00        
0330001300002Z70976E17BE80B2428ECC4B4                                         PGTFORNB01032013900004706                                                                                                                               00        
0330001300003J00003393562700002186639121618000000004308110203TARANTO COML IMP E EXP        04032013000000000218663000000000000000000000000000000010320130000000002186630000000000000004496                900004707           09      00        
0330001300004Z70976E1711421C7D19449B6                                         PGTFORNB01032013900004707                                                                                                                               00        
03300015         000006000000000000584530000000000000000000300301                                                                                                                                                                               
03300021C2031030 2054375370001370033006500490028050300065 0000480000414 AUTO GERAL DE ITU LTDA                                                                              00000                                   00000000                    
0330002300001J00000196562400000262080000001563680000003108617DIRECOES HIDRAULICAS LONDRINA 01032013000000000026208000000000000000000000000000000010320130000000000262080000000000000004424                900004708           09      00        
0330002300002Z70976E17FEB8A6B9ECDE1C4                                         PGTFORNB01032013900004708                                                                                                                               00        
0330002300003J00034195562700000142611127318333182938069560000TEMPO AUTOMOVEIS PECAS LTDA   04032013000000000014261000000000000000000000000000000010320130000000000142610000000000000004500                900004782           09      00        
0330002300004Z70976E1EFD18206509D19A2                                         PGTFORNB01032013900004782                                                                                                                               00        
0330002300005J00000198562700000488000000001291892000004701317VESPOR AUTOMOTIVE DIST DE AUTO04032013000000000048800000000000000000000000000000000010320130000000000488000000000000000004501                900004783           09      00        
0330002300006Z70976E19C419D04C17F7652                                         PGTFORNB01032013900004783                                                                                                                               00        
0330002300007J00000196562700003952810000001148003000007378817VESPOR AUTOMOTIVE DIST DE AUTO04032013000000000395281000000000000000000000000000000010320130000000003952810000000000000004502                900004784           09      00        
0330002300008Z70976E199BB3EB3276CFAB8                                         PGTFORNB01032013900004784                                                                                                                               00        
0330002300009J00000191562700000866400000001148003000007378717VESPOR AUTOMOTIVE DIST DE AUTO04032013000000000086640000000000000000000000000000000010320130000000000866400000000000000004503                900004785           09      00        
0330002300010Z70976E1B35C8CC1EBBC83CD                                         PGTFORNB01032013900004785                                                                                                                               00        
0330002300011J00034198562400004030611128649142400065260697000SDUBO COM. IND. LTDA          01032013000000000403061000000000000000000000000000000010320130000000004030610000000000000004426                900004710           09      00        
0330002300012Z70976E190BB074E89F0CC19                                         PGTFORNB01032013900004710                                                                                                                               00        
0330002300013J00034191562500002830091128426328310025671256000ELASTOMEROS BRASIL LTDA       02032013000000000283009000000000000000000000000000000010320130000000002830090000000000000004427                900004711           09      00        
0330002300014Z70976E119D8730C3672AC9D                                         PGTFORNB01032013900004711                                                                                                                               00        
0330002300015J00023797562500000360000136093032000002301269910MEMORIAL COMERCIO DE PECAS LTD02032013000000000036000000000000000000000000000000000010320130000000000360000000000000000004428                900004712           09      00        
0330002300016Z70976E18B6CF2792AE922C2                                         PGTFORNB01032013900004712                                                                                                                               00        
0330002300017J00023799562500001712770008091300000820300385010MAQUINAS AGRICOLAS JACTO SA   02032013000000000171277000000000000000000000000000000010320130000000001712770000000000000004429                900004713           09      00        
0330002300018Z70976E193159F0FBCA524DE                                         PGTFORNB01032013900004713                                                                                                                               00        
0330002300019J00023791562500000265313484093030000049301129000PETRONAS LUBRIFICANTES BRASIL 02032013000000000026531000000000000000000000000000000010320130000000000265310000000000000004430                900004714           09      00        
0330002300020Z70976E1A84C3299500E8A01                                         PGTFORNB01032013900004714                                                                                                                               00        
0330002300021J00034193562500001340001128506799630355223710000CREDERE CONS FOM MERC LTDA    02032013000000000134000000000000000000000000000000000010320130000000001340000000000000000004431                900004715           09      00        
0330002300022Z70976E1CFE1D60075B13B8C                                         PGTFORNB01032013900004715                                                                                                                               00        
0330002300023J00023794562500000815283395061180232911500028140ROCHESTER DISTRIBUIDORA DE AUT02032013000000000081528000000000000000000000000000000010320130000000000815280000000000000004432                900004716           09      00        
0330002300024Z70976E1FDD84A749C96E640                                         PGTFORNB01032013900004716                                                                                                                               00        
0330002300025J00023797562500000208743395090000005314500650000SORANA SUL                    02032013000000000020874000000000000000000000000000000010320130000000000208740000000000000004433                900004717           09      00        
0330002300026Z70976E1922C059980F06471                                         PGTFORNB01032013900004717                                                                                                                               00        
0330002300027J00034193562600000214441127371887820237417159000ACCIOLY SA IMP E COM          03032013000000000021444000000000000000000000000000000010320130000000000214440000000000000004434                900004718           09      00        
0330002300028Z70976E1A7D70609A3EB597B                                         PGTFORNB01032013900004718                                                                                                                               00        
0330002300029J00034191562600000360661128180339980237417159000ACCIOLY SA IMP E COM          03032013000000000036066000000000000000000000000000000010320130000000000360660000000000000004435                900004719           09      00        
0330002300030Z70976E132F3F6EA6B6FF14D                                         PGTFORNB01032013900004719                                                                                                                               00        
0330002300031J00023799562600000555293114091395769909301763000BANCO SAFRA S/A               03032013000000000055529000000000000000000000000000000010320130000000000555290000000000000004436                900004720           09      00        
0330002300032Z70976E1C5B4585AA3308ABC                                         PGTFORNB01032013900004720                                                                                                                               00        
0330002300033J00034192562600000058851128118514380076000777000CENTER PECAS FABBRI LTDA      03032013000000000005885000000000000000000000000000000010320130000000000058850000000000000004437                900004721           09      00        
0330002300034Z70976E1788922C0A89FEB21                                         PGTFORNB01032013900004721                                                                                                                               00        
0330002300035J00034193562600000060501128118514460076000777000CENTER PECAS FABBRI LTDA      03032013000000000006050000000000000000000000000000000010320130000000000060500000000000000004438                900004722           09      00        
0330002300036Z70976E1DA8B02768ED7BBC5                                         PGTFORNB01032013900004722                                                                                                                               00        
0330002300037J00034196562600000258921128269483022938000052000EATON LTDA                    03032013000000000025892000000000000000000000000000000010320130000000000258920000000000000004439                900004723           09      00        
0330002300038Z70976E1813429E46AE19164                                         PGTFORNB01032013900004723                                                                                                                               00        
0330002300039J00034198562600000177991127863047512938000052000EATON LTDA                    03032013000000000017799000000000000000000000000000000010320130000000000177990000000000000004440                900004724           09      00        
0330002300040Z70976E1082578FCAFCCF34F                                         PGTFORNB01032013900004724                                                                                                                               00        
0330002300041J00034191562600002130751127863039022938000052000EATON LTDA                    03032013000000000213075000000000000000000000000000000010320130000000002130750000000000000004441                900004725           09      00        
0330002300042Z70976E10F7618D2B6412F18                                         PGTFORNB01032013900004725                                                                                                                               00        
0330002300043J00023792562600000280503395090000005320400650000SORANA SUL                    03032013000000000028050000000000000000000000000000000010320130000000000280500000000000000004446                900004730           09      00        
0330002300044Z70976E1435EDB62FB46F534                                         PGTFORNB01032013900004730                                                                                                                               00        
0330002300045J00023791562600000215003395090000005320100650000SORANA SUL                    03032013000000000021500000000000000000000000000000000010320130000000000215000000000000000004447                900004731           09      00        
0330002300046Z70976E15DA6EAD555130449                                         PGTFORNB01032013900004731                                                                                                                               00        
0330002300047J00000191562600004502420000001291892000004698917VESPOR AUTOMOTIVE DIST DE AUTO03032013000000000450242000000000000000000000000000000010320130000000004502420000000000000004448                900004732           09      00        
0330002300048Z70976E1FA2F65C93339934A                                         PGTFORNB01032013900004732                                                                                                                               00        
0330002300049J00000191562600001885300000001291892000004698817VESPOR AUTOMOTIVE DIST DE AUTO03032013000000000188530000000000000000000000000000000010320130000000001885300000000000000004449                900004733           09      00        
0330002300050Z70976E1880FCFB07C5F2BAE                                         PGTFORNB01032013900004733                                                                                                                               00        
0330002300051J00000191562700000968020442958899819140000100711CDMD COM DE VEICULOS AUTOMOTOR04032013000000000096802000000000000000000000000000000010320130000000000968020000000000000004450                900004734           09      00        
0330002300052Z70976E14404D425F06C0D65                                         PGTFORNB01032013900004734                                                                                                                               00        
0330002300053J00023791562700000273750138093023000003201370000BBL SISTEMAS OPERACIONAIS LTDA04032013000000000027375000000000000000000000000000000010320130000000000273750000000000000004451                900004735           09      00        
0330002300054Z70976E1F8F77FE38A76A04F                                         PGTFORNB01032013900004735                                                                                                                               00        
0330002300055J00023799562700001458540122093053000002901823810CODISA DISTRIBUIDORA DE AUTO P04032013000000000145854000000000000000000000000000000010320130000000001458540000000000000004452                900004736           09      00        
0330002300056Z70976E1035162288B5C273C                                         PGTFORNB01032013900004736                                                                                                                               00        
0330002300057J00023791562700000465973262090000033542000935470COMDIP COMERCIAL DISTR DE PECA04032013000000000046597000000000000000000000000000000010320130000000000465970000000000000004453                900004737           09      00        
0330002300058Z70976E114BAA3E29A30B61E                                         PGTFORNB01032013900004737                                                                                                                               00        
0330002300059J00023791562700000102392002061301405988100829680COMERCIAL AUTOMOTIVA S.A.     04032013000000000010239000000000000000000000000000000010320130000000000102390000000000000004454                900004738           09      00        
0330002300060Z70976E1E273C30367802E9C                                         PGTFORNB01032013900004738                                                                                                                               00        
0330002300061J00023793562700000563292002061301405996100829680COMERCIAL AUTOMOTIVA S.A.     04032013000000000056329000000000000000000000000000000010320130000000000563290000000000000004455                900004739           09      00        
0330002300062Z70976E11D8D06BD7944A184                                         PGTFORNB01032013900004739                                                                                                                               00        
0330002300063J00023797562700000220232002061301405995100829680COMERCIAL AUTOMOTIVA S.A.     04032013000000000022023000000000000000000000000000000010320130000000000220230000000000000004456                900004740           09      00        
0330002300064Z70976E13428179314FEC0FB                                         PGTFORNB01032013900004740                                                                                                                               00        
0330002300065J00034191562600000085121127863042802938000052000EATON LTDA                    03032013000000000008512000000000000000000000000000000010320130000000000085120000000000000004442                900004726           09      00        
0330002300066Z70976E180E11E4E9CCABFE6                                         PGTFORNB01032013900004726                                                                                                                               00        
0330002300067J00023791562600001318832709091330575302400148090GUETTI COML ATACADISTA LTDA   03032013000000000131883000000000000000000000000000000010320130000000001318830000000000000004443                900004727           09      00        
0330002300068Z70976E19600364991FD658B                                         PGTFORNB01032013900004727                                                                                                                               00        
0330002300069J00023798562600000416453394090000015704200324600MORELATE DISTRIBUIDORA DE AUTO03032013000000000041645000000000000000000000000000000010320130000000000416450000000000000004444                900004728           09      00        
0330002300070Z70976E1B3C284005D567298                                         PGTFORNB01032013900004728                                                                                                                               00        
0330002300071J00023791562600000417753395061180232913000028140ROCHESTER DISTRIBUIDORA DE AUT03032013000000000041775000000000000000000000000000000010320130000000000417750000000000000004445                900004729           09      00        
0330002300072Z70976E1CF77444DC66C761D                                         PGTFORNB01032013900004729                                                                                                                               00        
0330002300073J00023797562600005175693395090000004382800795000COMERCIAL JAHU BORRACHAS E A.P03032013000000000517569000000000000000000000000000000010320130000000005175690000000000000004504                900004786           09      00        
0330002300074Z70976E1CB1A7CC80512CEE7                                         PGTFORNB01032013900004786                                                                                                                               00        
0330002300075J00023791562700006697583684190000019786100673000POLIPECAS DISTRIBUIDORA AUTOMO04032013000000000669758000000000000000000000000000000010320130000000006697580000000000000004505                900004787           09      00        
0330002300076Z70976E12C5FE33C523297B4                                         PGTFORNB01032013900004787                                                                                                                               00        
0330002300077J00034193562700000187451128269521972938000052000EATON LTDA                    04032013000000000018745000000000000000000000000000000010320130000000000187450000000000000004457                900004741           09      00        
0330002300078Z70976E165BB4520FFD73E00                                         PGTFORNB01032013900004741                                                                                                                               00        
0330002300079J00034197562700001338391128269502582938000052000EATON LTDA                    04032013000000000133839000000000000000000000000000000010320130000000001338390000000000000004458                900004742           09      00        
0330002300080Z70976E19304E981841FE51C                                         PGTFORNB01032013900004742                                                                                                                               00        
0330002300081J00034196562700000495401127863064752938000052000EATON LTDA                    04032013000000000049540000000000000000000000000000000010320130000000000495400000000000000004459                900004743           09      00        
0330002300082Z70976E17504C539407EED54                                         PGTFORNB01032013900004743                                                                                                                               00        
0330002300083J00034195562700000231881126655700502938107808000ELIVEL AUTOMOTORES LTDA       04032013000000000023188000000000000000000000000000000010320130000000000231880000000000000004460                900004744           09      00        
0330002300084Z70976E199F63640037F3792                                         PGTFORNB01032013900004744                                                                                                                               00        
0330002300085J00023796562700000256003392021330450332501078340F2 DISTRIBUIDORA DE AUTO PARTS04032013000000000025600000000000000000000000000000000010320130000000000256000000000000000004461                900004745           09      00        
0330002300086Z70976E101AF2C99088707D5                                         PGTFORNB01032013900004745                                                                                                                               00        
0330002300087J00023792562700000336804130073046000046005005930FW DISTRIBUIDORA LTDA         04032013000000000033680000000000000000000000000000000010320130000000000336800000000000000004462                900004746           09      00        
0330002300088Z70976E16BE79B523F69CDDF                                         PGTFORNB01032013900004746                                                                                                                               00        
0330002300089J00034196562700000303891128117805530109276204000GIRANDO COMERCIO DE PECAS LTDA04032013000000000030389000000000000000000000000000000010320130000000000303890000000000000004463                900004747           09      00        
0330002300090Z70976E104A048737706F4F0                                         PGTFORNB01032013900004747                                                                                                                               00        
0330002300091J00034192562700000159211090304555630109276204000GIRANDO COMERCIO DE PECAS LTDA04032013000000000015921000000000000000000000000000000010320130000000000159210000000000000004464                900004748           09      00        
0330002300092Z70976E1575BEDC5CD0CB122                                         PGTFORNB01032013900004748                                                                                                                               00        
0330002300093J00034193562700001093941128491355982395022557000KOGA KOGA CIA LTDA            04032013000000000109394000000000000000000000000000000010320130000000001093940000000000000004466                900004749           09      00        
0330002300094Z70976E1FEE5C006DB1552A6                                         PGTFORNB01032013900004749                                                                                                                               00        
0330002300095J00034191562700000424341128491357702395022557000KOGA KOGA CIA LTDA            04032013000000000042434000000000000000000000000000000010320130000000000424340000000000000004467                900004750           09      00        
0330002300096Z70976E1ADB3B1C032C4AE7F                                         PGTFORNB01032013900004750                                                                                                                               00        
0330002300097J00034191562700002640471128491356892395022557000KOGA KOGA CIA LTDA            04032013000000000264047000000000000000000000000000000010320130000000002640470000000000000004468                900004751           09      00        
0330002300098Z70976E1B2A9EB21A5D58519                                         PGTFORNB01032013900004751                                                                                                                               00        
0330002300099J00034191562700000955081128491357622395022557000KOGA KOGA CIA LTDA            04032013000000000095508000000000000000000000000000000010320130000000000955080000000000000004469                900004752           09      00        
0330002300100Z70976E1072FC9C5DF1DD54A                                         PGTFORNB01032013900004752                                                                                                                               00        
0330002300101J00023796562700000514003372097672311626300767230MAGGI VEICULOS LTDA           04032013000000000051400000000000000000000000000000000010320130000000000514000000000000000004470                900004753           09      00        
0330002300102Z70976E1987663540CFD131A                                         PGTFORNB01032013900004753                                                                                                                               00        
0330002300103J00023791562700000023543372097672311758100767230MAGGI VEICULOS LTDA           04032013000000000002354000000000000000000000000000000010320130000000000023540000000000000004471                900004754           09      00        
0330002300104Z70976E14E43893C12E2D077                                         PGTFORNB01032013900004754                                                                                                                               00        
0330002300105J00034195562700000451271127767569292938025125000MAHLE METAL LEVE S/A          04032013000000000045127000000000000000000000000000000010320130000000000451270000000000000004472                900004755           09      00        
0330002300106Z70976E1624F322EC1B44228                                         PGTFORNB01032013900004755                                                                                                                               00        
0330002300107J00034194562700000339311127767569372938025125000MAHLE METAL LEVE S/A          04032013000000000033931000000000000000000000000000000010320130000000000339310000000000000004473                900004756           09      00        
0330002300108Z70976E175F600A32DCF06D5                                         PGTFORNB01032013900004756                                                                                                                               00        
0330002300109J00034197562700001305391127767568462938025125000MAHLE METAL LEVE S/A          04032013000000000130539000000000000000000000000000000010320130000000001305390000000000000004474                900004757           09      00        
0330002300110Z70976E1CD52A24795DDA93E                                         PGTFORNB01032013900004757                                                                                                                               00        
0330002300111J00034197562700000137601127767568532938025125000MAHLE METAL LEVE S/A          04032013000000000013760000000000000000000000000000000010320130000000000137600000000000000004475                900004758           09      00        
0330002300112Z70976E1B1F513E89F82E2CB                                         PGTFORNB01032013900004758                                                                                                                               00        
0330002300113J00034191562700000571091127767568612938025125000MAHLE METAL LEVE S/A          04032013000000000057109000000000000000000000000000000010320130000000000571090000000000000004476                900004759           09      00        
0330002300114Z70976E1250C3658149E3B5D                                         PGTFORNB01032013900004759                                                                                                                               00        
0330002300115J00034193562700000285031127767568792938025125000MAHLE METAL LEVE S/A          04032013000000000028503000000000000000000000000000000010320130000000000285030000000000000004477                900004760           09      00        
0330002300116Z70976E14F493292E6D70B6E                                         PGTFORNB01032013900004760                                                                                                                               00        
0330002300117J00023791562700000225902028193030000002700375550MASTER SISTEMAS AUTOMOTIVOS LT04032013000000000022590000000000000000000000000000000010320130000000000225900000000000000004478                900004761           09      00        
0330002300118Z70976E1763B8CE62F40C7BD                                         PGTFORNB01032013900004761                                                                                                                               00        
0330002300119J00023795562700001985362500090256572595900000340ODAPEL DISTRIBUIDORA DE AUTO P04032013000000000198536000000000000000000000000000000010320130000000001985360000000000000004479                900004762           09      00        
0330002300120Z70976E12D9C215E8E4A7232                                         PGTFORNB01032013900004762                                                                                                                               00        
0330002300121J00023794562700000178042500090256572786300000340ODAPEL DISTRIBUIDORA DE AUTO P04032013000000000017804000000000000000000000000000000010320130000000000178040000000000000004480                900004763           09      00        
0330002300122Z70976E154CFE256E221647A                                         PGTFORNB01032013900004763                                                                                                                               00        
0330002300123J00023793562700002225922500090256572782000000340ODAPEL DISTRIBUIDORA DE AUTO P04032013000000000222592000000000000000000000000000000010320130000000002225920000000000000004481                900004764           09      00        
0330002300124Z70976E1BC143F5FAFF21B4B                                         PGTFORNB01032013900004764                                                                                                                               00        
0330002300125J00023799562700000760652500090256572867000000340ODAPEL DISTRIBUIDORA DE AUTO P04032013000000000076065000000000000000000000000000000010320130000000000760650000000000000004482                900004765           09      00        
0330002300126Z70976E1FF6984E401267B61                                         PGTFORNB01032013900004765                                                                                                                               00        
0330002300127J00023791562700000359480151091330500060001251750PECA MAIS COMERCIO DE AUTO PEC04032013000000000035948000000000000000000000000000000010320130000000000359480000000000000004483                900004766           09      00        
0330002300128Z70976E19015F58269A5D487                                         PGTFORNB01032013900004766                                                                                                                               00        
0330002300129J00039998562700001773488144670150904540096965001PELLEGRINO DISTRIBUIDORA DE AU04032013000000000177348000000000000000000000000000000010320130000000001773480000000000000004484                900004767           09      00        
0330002300130Z70976E181F03AC5258F6F1D                                         PGTFORNB01032013900004767                                                                                                                               00        
0330002300131J00039997562700002476932696554610204540096965001PELLEGRINO DISTRIBUIDORA DE AU04032013000000000247693000000000000000000000000000000010320130000000002476930000000000000004485                900004768           09      00        
0330002300132Z70976E13B39DAAECA513671                                         PGTFORNB01032013900004768                                                                                                                               00        
0330002300133J00039995562700003386198144670149504540096965001PELLEGRINO DISTRIBUIDORA DE AU04032013000000000338619000000000000000000000000000000010320130000000003386190000000000000004486                900004769           09      00        
0330002300134Z70976E1F94E114CB1C933BF                                         PGTFORNB01032013900004769                                                                                                                               00        
0330002300135J00039991562700001289122696554576904540096965001PELLEGRINO DISTRIBUIDORA DE AU04032013000000000128912000000000000000000000000000000010320130000000001289120000000000000004487                900004770           09      00        
0330002300136Z70976E1281A3C8CF3F55295                                         PGTFORNB01032013900004770                                                                                                                               00        
0330002300137J00023798562700001657543684190000019785300673000POLIPECAS DISTRIBUIDORA AUTOMO04032013000000000165754000000000000000000000000000000010320130000000001657540000000000000004488                900004771           09      00        
0330002300138Z70976E1157C2926BA1B6C7A                                         PGTFORNB01032013900004771                                                                                                                               00        
0330002300139J00010498562400000269043164659900100040000007190MD CAR COM DE PRODUTOS AUTOMOT01032013000000000026904000000000000000000000000000000010320130000000000269040000000000000004425                900004709           09      00        
0330002300140Z70976E11F48D173033BDDD4                                         PGTFORNB01032013900004709                                                                                                                               00        
0330002300141J00000191562700003657780444602229107180000403211RADIEX QUIMICA LTDA           04032013000000000365778000000000000000000000000000000010320130000000003657780000000000000004489                900004772           09      00        
0330002300142Z70976E1D822F6DC5E4FA781                                         PGTFORNB01032013900004772                                                                                                                               00        
0330002300143J00039991562700000944133133551236005313093513001REAL MOTO PECAS LTDA          04032013000000000094413000000000000000000000000000000010320130000000000944130000000000000004490                900004773           09      00        
0330002300144Z70976E175A85A780AFB4F4A                                         PGTFORNB01032013900004773                                                                                                                               00        
0330002300145J00039991562700001550943133551242405313093513001REAL MOTO PECAS LTDA          04032013000000000155094000000000000000000000000000000010320130000000001550940000000000000004491                900004774           09      00        
0330002300146Z70976E1F98D51FBC9FE0D32                                         PGTFORNB01032013900004774                                                                                                                               00        
0330002300147J00023797562700000269573395061180232914200028140ROCHESTER DISTRIBUIDORA DE AUT04032013000000000026957000000000000000000000000000000010320130000000000269570000000000000004492                900004775           09      00        
0330002300148Z70976E1B8FCD6F99D27C68D                                         PGTFORNB01032013900004775                                                                                                                               00        
0330002300149J00034191562700002333331128365702948513014608000SATTURNO SOROCABA TELEFONIA LT04032013000000000233333000000000023333000000000000000010320130000000002100000000000000000004493                900004776           09      00        
0330002300150Z70976E18DB95F4C9036D668                                         PGTFORNB01032013900004776                                                                                                                               00        
0330002300151J00034192562700000360001128468124398513014608000SATTURNO SOROCABA TELEFONIA LT04032013000000000036000000000000000000000000000000000010320130000000000360000000000000000004494                900004777           09      00        
0330002300152Z70976E1BAC006E3FE54D2DE                                         PGTFORNB01032013900004777                                                                                                                               00        
0330002300153J00000193562700000594000442959158019140030527311SUPER CDMD COMERCIO DE VEICULO04032013000000000059400000000000000000000000000000000010320130000000000594000000000000000004495                900004778           09      00        
0330002300154Z70976E14107E60701160631                                         PGTFORNB01032013900004778                                                                                                                               00        
0330002300155J00034195562700000242101128042736162938069560000TEMPO AUTOMOVEIS PECAS LTDA   04032013000000000024210000000000000000000000000000000010320130000000000242100000000000000004497                900004779           09      00        
0330002300156Z70976E1A9A14D8DAEE1AE3E                                         PGTFORNB01032013900004779                                                                                                                               00        
0330002300157J00034199562700000180001128042736402938069560000TEMPO AUTOMOVEIS PECAS LTDA   04032013000000000018000000000000000000000000000000000010320130000000000180000000000000000004498                900004780           09      00        
0330002300158Z70976E1E6475FBC9FD5A989                                         PGTFORNB01032013900004780                                                                                                                               00        
0330002300159J00034199562700000122421126621267652938069560000TEMPO AUTOMOVEIS PECAS LTDA   04032013000000000012242000000000000000000000000000000010320130000000000122420000000000000004499                900004781           09      00        
0330002300160Z70976E1731DA284ACFA0936                                         PGTFORNB01032013900004781                                                                                                                               00        
03300025         000162000000000008479760000000000000000000310301                                                                                                                                                                               
03399999         000002000170000000                                                                                                                                                                                                             
