03300000         2054375370001370033006500490028050300065 0000480000414 AUTO GERAL DE ITU LTDA        SANTANDER                               21903201302220300027806000000                                                                     
03300011C2030030 2054375370001370033006500490028050300065 0000480000414 AUTO GERAL DE ITU LTDA                                                                              00000                                   00000000                    
0330001300001J00003392564200001345409482966200000025844920104CAR CENTRAL DE AUTOPECAS E ROL19032013000000000134540000000000000000000000000000000190320130000000001345400000000000000005019                900005299           09      00        
0330001300002Z70976E1E5CD0BAEBD8A580C                                         PGTFORNB19032013900005299                                                                                                                               00        
0330001300003J00003396564200000303999472544100000001599560104CINPAL CIA IND DE PECAS P/ AUT19032013000000000030399000000000000000000000000000000190320130000000000303990000000000000005021                900005300           09      00        
0330001300004Z70976E1633499F1422B9203                                         PGTFORNB19032013900005300                                                                                                                               00        
0330001300005J00003391564200004082399472544100000001599130104CINPAL CIA IND DE PECAS P/ AUT19032013000000000408239000000000000000000000000000000190320130000000004082390000000000000005022                900005301           09      00        
0330001300006Z70976E142D942385BE4CB9A                                         PGTFORNB19032013900005301                                                                                                                               00        
03300015         000008000000000000573178000000000000000000300319                                                                                                                                                                               
03300021C2031030 2054375370001370033006500490028050300065 0000480000414 AUTO GERAL DE ITU LTDA                                                                              00000                                   00000000                    
0330002300001J000001935642000046681800000024299314451021702112AR INDUSTRIA E COMERCIO LTDA 19032013000000000466818000000000000000000000000000000190320130000000004668180000000000000005016                900005302           09      00        
0330002300002Z70976E19C46311A355E2E43                                         PGTFORNB19032013900005302                                                                                                                               00        
0330002300003J00023792564200000378292002061301414215100829680COMERCIAL AUTOMOTIVA S.A.     19032013000000000037829000000000000000000000000000000190320130000000000378290000000000000005024                900005307           09      00        
0330002300004Z70976E10AAF7DD35A9E77E5                                         PGTFORNB19032013900005307                                                                                                                               00        
0330002300005J00034194564200000005801127899665492938000052000EATON LTDA                    19032013000000000000580000000000000000000000000000000190320130000000000005800000000000000005025                900005308           09      00        
0330002300006Z70976E16A8EFFAB8C430993                                         PGTFORNB19032013900005308                                                                                                                               00        
0330002300007J00034197564200000208341127899665072938000052000EATON LTDA                    19032013000000000020834000000000000000000000000000000190320130000000000208340000000000000005026                900005309           09      00        
0330002300008Z70976E17A832CFAA23F82C7                                         PGTFORNB19032013900005309                                                                                                                               00        
0330002300009J00034199564200000267081127871611190548006287000ELETROPAR AUTOPECAS LTDA      19032013000000000026708000000000000000000000000000000190320130000000000267080000000000000005027                900005310           09      00        
0330002300010Z70976E183E8F24D0827F8DE                                         PGTFORNB19032013900005310                                                                                                                               00        
0330002300011J00034192564200000914101127851223290046365078000FELICIO VIGORITO FILHOS LTDA  19032013000000000091410000000000000000000000000000000190320130000000000914100000000000000005028                900005311           09      00        
0330002300012Z70976E16AD262390ADC5F73                                         PGTFORNB19032013900005311                                                                                                                               00        
0330002300013J00000192564200002273810444701457801790000407011HSBOND INDUSTRIA COMERCIO IMP.19032013000000000227381000000000000000000000000000000190320130000000002273810000000000000005029                900005312           09      00        
0330002300014Z70976E1F27636E6295E1845                                         PGTFORNB19032013900005312                                                                                                                               00        
0330002300015J00023799564200000516453392023023000003000201630LNG IMP EXP DE AUTOPECAS LTDA 19032013000000000051645000000000000000000000000000000190320130000000000516450000000000000005030                900005313           09      00        
0330002300016Z70976E1802097F698F4EE3E                                         PGTFORNB19032013900005313                                                                                                                               00        
0330002300017J00023797564200001293133372091130630531300731020MAGGI AUTOMOVEIS LTDA         19032013000000000129313000000000000000000000000000000190320130000000001293130000000000000005031                900005314           09      00        
0330002300018Z70976E13B6B15A4C4915039                                         PGTFORNB19032013900005314                                                                                                                               00        
0330002300019J00023791564200000658903394090000014467000324600MORELATE DISTRIBUIDORA DE AUTO19032013000000000065890000000000000000000000000000000190320130000000000658900000000000000005032                900005315           09      00        
0330002300020Z70976E12FB126C440ADC68C                                         PGTFORNB19032013900005315                                                                                                                               00        
0330002300021J00034197564200000942201571947855182904178288000PECA MAIS COMERCIO DE AUTO PEC19032013000000000094220000000000000000000000000000000190320130000000000942200000000000000005033                900005316           09      00        
0330002300022Z70976E1A2BBBCE920F5392E                                         PGTFORNB19032013900005316                                                                                                                               00        
0330002300023J00039992564200000418608144671014104540096965001PELLEGRINO DISTRIBUIDORA DE AU19032013000000000041860000000000000000000000000000000190320130000000000418600000000000000005034                900005317           09      00        
0330002300024Z70976E1F8904A8A9C6E45A7                                         PGTFORNB19032013900005317                                                                                                                               00        
0330002300025J00023797564200002477943484093032000027301129000PETRONAS LUBRIFICANTES BRASIL 19032013000000000247794000000000000000000000000000000190320130000000002477940000000000000005035                900005318           09      00        
0330002300026Z70976E10F66CE262B5EC72F                                         PGTFORNB19032013900005318                                                                                                                               00        
0330002300027J00034194564200001106931129105959930191074004000POLIPECAS COMERCIAL E IMPORTAD19032013000000000110693000000000007749000000000000000190320130000000001029440000000000000005036                900005319           09      00        
0330002300028Z70976E180F33F6076647391                                         PGTFORNB19032013900005319                                                                                                                               00        
0330002300029J00039991564200004821013133574321305313093513001REAL MOTO PECAS LTDA          19032013000000000482101000000000000000000000000000000190320130000000004821010000000000000005037                900005320           09      00        
0330002300030Z70976E19FCC7F94933D07C6                                         PGTFORNB19032013900005320                                                                                                                               00        
0330002300031J00023792564200000280533395090000005187800650000SORANA SUL                    19032013000000000028053000000000000000000000000000000190320130000000000280530000000000000005038                900005321           09      00        
0330002300032Z70976E1D6FD93291FCB4C9C                                         PGTFORNB19032013900005321                                                                                                                               00        
0330002300033J00034191564200006009661128942395010028351815000TANCLICK DISTRIBUIDORA DE AUTO19032013000000000600966000000000000000000000000000000190320130000000006009660000000000000005039                900005322           09      00        
0330002300034Z70976E1B7B32630B5214490                                         PGTFORNB19032013900005322                                                                                                                               00        
0330002300035J00034197564200001036051090000271970525580825000W ZANONI CIA LTDA             19032013000000000103605000000000000000000000000000000190320130000000001036050000000000000005040                900005323           09      00        
0330002300036Z70976E17E2F1C295563406A                                         PGTFORNB19032013900005323                                                                                                                               00        
0330002300037J00034196564200003937851090000271890525580825000W ZANONI CIA LTDA             19032013000000000393785000000000000000000000000000000190320130000000003937850000000000000005041                900005324           09      00        
0330002300038Z70976E1C989DB22360CE9B5                                         PGTFORNB19032013900005324                                                                                                                               00        
0330002300039J00034191564200000675001128599281891248021303000BANCO FIBRA SA                19032013000000000067500000000000000000000000000000000190320130000000000675000000000000000005017                900005303           09      00        
0330002300040Z70976E13F59A42E58468D35                                         PGTFORNB19032013900005303                                                                                                                               00        
0330002300041J00023793564200004596781008091330641693200607660BRUNKO IND E COM DE AUTOPECAS 19032013000000000459678000000000000000000000000000000190320130000000004596780000000000000005018                900005304           09      00        
0330002300042Z70976E1173F5D57A6C62490                                         PGTFORNB19032013900005304                                                                                                                               00        
0330002300043J00039991564200000314581769428542204061860231001CAR CENTRAL DE AUTOPECAS E ROL19032013000000000031458000000000000000000000000000000190320130000000000314580000000000000005020                900005305           09      00        
0330002300044Z70976E1332E9C1D6CC3DE4F                                         PGTFORNB19032013900005305                                                                                                                               00        
0330002300045J00023799564200000286093262090000035088000935470COMDIP COMERCIAL DISTR DE PECA19032013000000000028609000000000000000000000000000000190320130000000000286090000000000000005023                900005306           09      00        
0330002300046Z70976E14C43C01026BE8A61                                         PGTFORNB19032013900005306                                                                                                                               00        
03300025         000048000000000003800981000000000000000000310319                                                                                                                                                                               
03300031C2003031 2054375370001370033006500490028050300065 0000480000414 AUTO GERAL DE ITU LTDA                                                                              00000                                   00000000                    
0330003300001A0007000010154660000002050374 GERAL PARTS COM PECAS E ABRASI5043                19032013BRL000000000000000000000000067771900005298           19032013000000000067771                                        07          000        
0330003300002B   252472438000176                              00000                                                  00000000  190320130000000000677710000000000000000000000000000000000000000000000000000000000000000                00        
0330003300003Z70976E16AB1AD81C7E72335                                         PGTFORNB19032013900005298                                                                                                                               00        
03300035         000005000000000000067771000000000000000000030319                                                                                                                                                                               
03399999         000003000063000000                                                                                                                                                                                                             
