03300000         2054375370001370033006500490028050300065 0000480000414 AUTO GERAL DE ITU LTDA        SANTANDER                               20602201302195800020606000000                                                                     
03300011C2030030 2054375370001370033006500490028050300065 0000480000414 AUTO GERAL DE ITU LTDA                                                                              00000                                   00000000                    
0330001300001J00003394560200000192529513931700000103962250101DISTRIBUIDORA AUTOMOTIVA S/A  07022013000000000019252000000000000000000000000000000060220130000000000192520000000000000003616                900003884           09      00        
0330001300002Z70976E146F9E7F91D9D4BBF                                         PGTFORNB06022013900003884                                                                                                                               00        
0330001300003J00003394560200009116979484311800000095529360104TRICO LATINOAMERICANA DO BRASI07022013000000000911697000000000000000000000000000000060220130000000009116970000000000000003643                900003887           09      00        
0330001300004Z70976E12F067DBC806257F3                                         PGTFORNB06022013900003887                                                                                                                               00        
0330001300005J00003395560200000483249512606100000032179910101SERRAF DISTR DE PECAS PARA MOT07022013000000000048324000000000000000000000000000000060220130000000000483240000000000000003641                900003885           09      00        
0330001300006Z70976E10CF6F932B28635DA                                         PGTFORNB06022013900003885                                                                                                                               00        
0330001300007J00035698560200000293220689070323460000003261028DISTRIBUIDORA AUTOMOTIVA S/A  07022013000000000029322000000000000000000000000000000060220130000000000293220000000000000003617                900003903           09      00        
0330001300008Z70976E15EC175DEA4F49D9E                                         PGTFORNB06022013900003903                                                                                                                               00        
0330001300009J00035691560200000259450689070323460000003260970DISTRIBUIDORA AUTOMOTIVA S/A  07022013000000000025945000000000000000000000000000000060220130000000000259450000000000000003618                900003904           09      00        
0330001300010Z70976E1DC53E4D35AFC00E7                                         PGTFORNB06022013900003904                                                                                                                               00        
0330001300011J00003395560200010572179484311800000095529440104TRICO LATINOAMERICANA DO BRASI07022013000000001057217000000000000000000000000000000060220130000000010572170000000000000003642                900003886           09      00        
0330001300012Z70976E1427EDC7FCAD029A1                                         PGTFORNB06022013900003886                                                                                                                               00        
03300015         000014000000000002091757000000000000000000300206                                                                                                                                                                               
03300021C2031030 2054375370001370033006500490028050300065 0000480000414 AUTO GERAL DE ITU LTDA                                                                              00000                                   00000000                    
0330002300001J00023795560100000446520311061301399947100829680COMERCIAL AUTOMOTIVA S.A.     06022013000000000044652000000000000000000000000000000060220130000000000446520000000000000003601                900003888           09      00        
0330002300002Z70976E12A025DF6E70CE7F4                                         PGTFORNB06022013900003888                                                                                                                               00        
0330002300003J00039993560200000216803005510845103430712744001DISTRIBUIDORA AUTOMOTIVA S/A  07022013000000000021680000000000000000000000000000000060220130000000000216800000000000000003619                900003905           09      00        
0330002300004Z70976E118BC5218A1F80394                                         PGTFORNB06022013900003905                                                                                                                               00        
0330002300005J00034191560200001239341128104127033129414797000DOFAB USINAGEM LTDA EPP       07022013000000000123934000000000000000000000000000000060220130000000001239340000000000000003620                900003906           09      00        
0330002300006Z70976E124731B423DA07DD9                                         PGTFORNB06022013900003906                                                                                                                               00        
0330002300007J00034198560200001071461090304433950109276204000GIRANDO COMERCIO DE PECAS LTDA07022013000000000107146000000000000000000000000000000060220130000000001071460000000000000003621                900003907           09      00        
0330002300008Z70976E11D34FAF36924D6C5                                         PGTFORNB06022013900003907                                                                                                                               00        
0330002300009J00000194560200000553300000001451672443735404011BANCO VOTORANTIM SA           07022013000000000055330000000000000000000000000000000060220130000000000553300000000000000003622                900003908           09      00        
0330002300010Z70976E11DF439738A7FD3F5                                         PGTFORNB06022013900003908                                                                                                                               00        
0330002300011J00023799560200000626402199090000011778200203330JBI COMERCIAL DE PLASTICOS REF07022013000000000062640000000000000000000000000000000060220130000000000626400000000000000003623                900003909           09      00        
0330002300012Z70976E1A68159D53AD0B950                                         PGTFORNB06022013900003909                                                                                                                               00        
0330002300013J00023799560200000110000136093016000004201269910MEMORIAL COMERCIO DE PECAS LTD07022013000000000011000000000000000000000000000000000060220130000000000110000000000000000003624                900003910           09      00        
0330002300014Z70976E196386EB4099F2484                                         PGTFORNB06022013900003910                                                                                                                               00        
0330002300015J00023792560200000414282500090256571144400000340ODAPEL DISTRIBUIDORA DE AUTO P07022013000000000041428000000000000000000000000000000060220130000000000414280000000000000003625                900003911           09      00        
0330002300016Z70976E1EA92387888795857                                         PGTFORNB06022013900003911                                                                                                                               00        
0330002300017J00023797560200001977772500090256571124500000340ODAPEL DISTRIBUIDORA DE AUTO P07022013000000000197777000000000000000000000000000000060220130000000001977770000000000000003626                900003912           09      00        
0330002300018Z70976E1999466B0E72202FD                                         PGTFORNB06022013900003912                                                                                                                               00        
0330002300019J00023797560200000339632500090256571161300000340ODAPEL DISTRIBUIDORA DE AUTO P07022013000000000033963000000000000000000000000000000060220130000000000339630000000000000003627                900003913           09      00        
0330002300020Z70976E14482BA0D7A1ADFFE                                         PGTFORNB06022013900003913                                                                                                                               00        
0330002300021J00023795560200000354342500090256571064200000340ODAPEL DISTRIBUIDORA DE AUTO P07022013000000000035434000000000000000000000000000000060220130000000000354340000000000000003628                900003914           09      00        
0330002300022Z70976E180D13B48FE81D4FF                                         PGTFORNB06022013900003914                                                                                                                               00        
0330002300023J00023798560200001110052500090256571064800000340ODAPEL DISTRIBUIDORA DE AUTO P07022013000000000111005000000000000000000000000000000060220130000000001110050000000000000003629                900003915           09      00        
0330002300024Z70976E177A0EFED7FC9527B                                         PGTFORNB06022013900003915                                                                                                                               00        
0330002300025J00034192560200000671001127393459920384625000000PECAS AUTOMOTIVAS ZEENE LTDA  07022013000000000067100000000000000000000000000000000060220130000000000671000000000000000003630                900003916           09      00        
0330002300026Z70976E1F8B43A3B3AA29A04                                         PGTFORNB06022013900003916                                                                                                                               00        
0330002300027J00039991560200000622368144668928204540096965001PELLEGRINO DISTRIBUIDORA DE AU07022013000000000062236000000000000000000000000000000060220130000000000622360000000000000003631                900003917           09      00        
0330002300028Z70976E11A2EDFFCD87AE37B                                         PGTFORNB06022013900003917                                                                                                                               00        
0330002300029J00034198560200000880001127447691110202548665000PIPO COM PECAS ROLAMENTOS LTDA07022013000000000088000000000000000000000000000000000060220130000000000880000000000000000003632                900003918           09      00        
0330002300030Z70976E1B27DC0C159FB6890                                         PGTFORNB06022013900003918                                                                                                                               00        
0330002300031J00034198560200001832271128026523400191074004000POLIPECAS COMERCIAL E IMPORTAD07022013000000000183227000000000012826000000000000000060220130000000001704010000000000000003633                900003919           09      00        
0330002300032Z70976E1F6080EC295F4450D                                         PGTFORNB06022013900003919                                                                                                                               00        
0330002300033J00000192560200003527640000002226112444055706911POWER STOP INDUSTRIA E COMERCI07022013000000000352764000000000000000000000000000000060220130000000003527640000000000000003634                900003920           09      00        
0330002300034Z70976E1752BDA89EF14B0FD                                         PGTFORNB06022013900003920                                                                                                                               00        
0330002300035J00000194560200002429320000001597457132189959417PETROBRAS DISTRIBUIDORA       07022013000000000242932000000000000000000000000000000060220130000000002429320000000000000003635                900003921           09      00        
0330002300036Z70976E10DFFF6B99EA43CDA                                         PGTFORNB06022013900003921                                                                                                                               00        
0330002300037J00000191560200002977080000001597457132189959117PETROBRAS DISTRIBUIDORA       07022013000000000297708000000000000000000000000000000060220130000000002977080000000000000003636                900003922           09      00        
0330002300038Z70976E1F8E45FF4DC0F9E0C                                         PGTFORNB06022013900003922                                                                                                                               00        
0330002300039J00000194560200002998000000001597457132189959717PETROBRAS DISTRIBUIDORA       07022013000000000299800000000000000000000000000000000060220130000000002998000000000000000003637                900003923           09      00        
0330002300040Z70976E18A43A5827B906F2E                                         PGTFORNB06022013900003923                                                                                                                               00        
0330002300041J00000199560200001110440000001597457132189991517PETROBRAS DISTRIBUIDORA       07022013000000000111044000000000000000000000000000000060220130000000001110440000000000000003638                900003924           09      00        
0330002300042Z70976E15F232C9B48070E0D                                         PGTFORNB06022013900003924                                                                                                                               00        
0330002300043J00000192560200005412890000001597457132189960017PETROBRAS DISTRIBUIDORA       07022013000000000541289000000000000000000000000000000060220130000000005412890000000000000003639                900003925           09      00        
0330002300044Z70976E17DB0600645076663                                         PGTFORNB06022013900003925                                                                                                                               00        
0330002300045J00023791560200002299563395061180232889100028140ROCHESTER DISTRIBUIDORA DE AUT07022013000000000229956000000000000000000000000000000060220130000000002299560000000000000003640                900003926           09      00        
0330002300046Z70976E13A3BD4C81D42F4FD                                         PGTFORNB06022013900003926                                                                                                                               00        
0330002300047J00000191560200003691040000001148003000007262017VESPOR AUTOMOTIVE DIST DE AUTO07022013000000000369104000000000000000000000000000000060220130000000003691040000000000000003644                900003927           09      00        
0330002300048Z70976E1B55D700C720DFF22                                         PGTFORNB06022013900003927                                                                                                                               00        
0330002300049J00000196560200001125050000001148003000007261917VESPOR AUTOMOTIVE DIST DE AUTO07022013000000000112505000000000000000000000000000000060220130000000001125050000000000000003645                900003928           09      00        
0330002300050Z70976E1743244AE932B092A                                         PGTFORNB06022013900003928                                                                                                                               00        
0330002300051J00039995560200000095091767960515104540079149001BANCO SOFISA SA               07022013000000000009509000000000000000000000000000000060220130000000000095090000000000000003646                900003929           09      00        
0330002300052Z70976E12B2E02F591346A9C                                         PGTFORNB06022013900003929                                                                                                                               00        
0330002300053J00039998560200000741761767960516004540079149001BANCO SOFISA SA               07022013000000000074176000000000000000000000000000000060220130000000000741760000000000000003647                900003930           09      00        
0330002300054Z70976E1F5363F077824988E                                         PGTFORNB06022013900003930                                                                                                                               00        
0330002300055J00023799560200000886261316090000009904900009000APS DISTRIBUIDORA DE AUTOPECAS07022013000000000088626000000000000000000000000000000060220130000000000886260000000000000003602                900003889           09      00        
0330002300056Z70976E1493587979D0601E5                                         PGTFORNB06022013900003889                                                                                                                               00        
0330002300057J00039996560200000474311767635349604061860231001CAR CENTRAL DE AUTOPECAS E ROL07022013000000000047431000000000000000000000000000000060220130000000000474310000000000000003605                900003892           09      00        
0330002300058Z70976E1301DC80623838833                                         PGTFORNB06022013900003892                                                                                                                               00        
0330002300059J00034194560200000096501127455773980076000777000CENTER PECAS FABBRI LTDA      07022013000000000009650000000000000000000000000000000060220130000000000096500000000000000003606                900003893           09      00        
0330002300060Z70976E198D4EC500166B076                                         PGTFORNB06022013900003893                                                                                                                               00        
0330002300061J00023798560200000404443262090000032967400935470COMDIP COMERCIAL DISTR DE PECA07022013000000000040444000000000000000000000000000000060220130000000000404440000000000000003607                900003894           09      00        
0330002300062Z70976E1A0F0B589E1462EFB                                         PGTFORNB06022013900003894                                                                                                                               00        
0330002300063J00023798560200000649112002061301400161100829680COMERCIAL AUTOMOTIVA S.A.     07022013000000000064911000000000000000000000000000000060220130000000000649110000000000000003608                900003895           09      00        
0330002300064Z70976E10D13A0E79A4D0255                                         PGTFORNB06022013900003895                                                                                                                               00        
0330002300065J00023799560200000122562002061301400555100829680COMERCIAL AUTOMOTIVA S.A.     07022013000000000012256000000000000000000000000000000060220130000000000122560000000000000003609                900003896           09      00        
0330002300066Z70976E15BE8A816165568BE                                         PGTFORNB06022013900003896                                                                                                                               00        
0330002300067J00034193560200007844291127800228050045247004000D S SCHIAVETTO E CIA LTDA EPP 07022013000000000784429000000000000000000000000000000060220130000000007844290000000000000003610                900003897           09      00        
0330002300068Z70976E1DD4C575ABFE23B23                                         PGTFORNB06022013900003897                                                                                                                               00        
0330002300069J00023791560200006318936348093007000083701024500DAYCO POWER TRANSMISSION      07022013000000000631893000000000000000000000000000000060220130000000006318930000000000000003611                900003898           09      00        
0330002300070Z70976E1ED1E8468CA591CF5                                         PGTFORNB06022013900003898                                                                                                                               00        
0330002300071J00034193560200000564141127413541722938036635000DAYCO POWER TRANSMISSION      07022013000000000056414000000000000000000000000000000060220130000000000564140000000000000003612                900003899           09      00        
0330002300072Z70976E163B82582801977CC                                         PGTFORNB06022013900003899                                                                                                                               00        
0330002300073J00034195560200000308701127413541802938036635000DAYCO POWER TRANSMISSION      07022013000000000030870000000000000000000000000000000060220130000000000308700000000000000003613                900003900           09      00        
0330002300074Z70976E11C6E847BD03DDB35                                         PGTFORNB06022013900003900                                                                                                                               00        
0330002300075J00023791560200000087683371090000833846400719500AVEBRAZ COMERCIO DE VEICULOS E07022013000000000008768000000000000000000000000000000060220130000000000087680000000000000003603                900003890           09      00        
0330002300076Z70976E1DCD2786B1362146A                                         PGTFORNB06022013900003890                                                                                                                               00        
0330002300077J00034191560200000420001127440576650078840006000BECAP COM DE AUTO PECAS LTDA  07022013000000000042000000000000000000000000000000000060220130000000000420000000000000000003604                900003891           09      00        
0330002300078Z70976E12F8E5EAB89CA053B                                         PGTFORNB06022013900003891                                                                                                                               00        
0330002300079J00023791560200000350003398190000022706301324600DIBRACAM COMERCIAL LTDA       07022013000000000035000000000000000000000000000000000060220130000000000350000000000000000003614                900003901           09      00        
0330002300080Z70976E124CDB79F63F9CA69                                         PGTFORNB06022013900003901                                                                                                                               00        
0330002300081J00034197560200000398431127841258770078267192000DISTRIBUIDORA DE PECAS PARA AU07022013000000000039843000000000000000000000000000000060220130000000000398430000000000000003615                900003902           09      00        
0330002300082Z70976E107111C406A09B893                                         PGTFORNB06022013900003902                                                                                                                               00        
03300025         000084000000000005767048000000000000000000310206                                                                                                                                                                               
03399999         000002000100000000                                                                                                                                                                                                             
