03300000         2054375370001370033006500490028050300065 0000480000414 AUTO GERAL DE ITU LTDA        SANTANDER                               23110201213231000001806000000                                                                     
03300011C2003031 2054375370001370033006500490028050300065 0000480000414 AUTO GERAL DE ITU LTDA                                                                              00000                                   00000000                    
0330001300001A0000182370229850000000199311 A. MASSARI DO BRASIL          289                 31102012BRL000000000000000000000000600623900000541           31102012000000000600623                                        00          000        
0330001300002B   212423674000188                              00000                                                  00000000  311020120000000006006230000000000000000000000000000000000000000000000000000000000000000                00        
0330001300003Z70976E1479FFBB2CC457975                                         PGTFORNB31102012900000541                                                                                                                               00        
03300015         000005000000000000600623000000000000000000031031                                                                                                                                                                               
03300021C2016030 2054375370001370033006500490028050300065 0000480000414 AUTO GERAL DE ITU LTDA                                                                              00000                                   00000000                    
0330002300001N000287                 900000578           AUTO GERAL DE ITU LTDA        31102012000000007500266002372020543753700013716300920120000000000000000000000000750026600000000000000000000000000000031102012                  00        
0330002300002Z70976E1ED754677DB5D15AF                                         PGTFORNB31102012900000578                                                                                                                               00        
0330002300003N000288                 900000579           AUTO GERAL DE ITU LTDA        31102012000000013289382002089020543753700013716300920120000000000000000000000001328938200000000000000000000000000000031102012                  00        
0330002300004Z70976E143002ADBBDCA7281                                         PGTFORNB31102012900000579                                                                                                                               00        
03300025         000006000000000020789648000000000000000000161031                                                                                                                                                                               
03399999         000002000013000000                                                                                                                                                                                                             
