03300000         2054375370001370033006500490028050300065 0000480000414 AUTO GERAL DE ITU LTDA        SANTANDER                               21004201303040900032006000000                                                                     
03300011C2030030 2054375370001370033006500490028050300065 0000480000414 AUTO GERAL DE ITU LTDA                                                                              00000                                   00000000                    
0330001300001J00003394566400000112859513931700000104532290101DISTRIBUIDORA AUTOMOTIVA S.A. 10042013000000000011285000000000000000000000000000000100420130000000000112850000000000000005753                900006026           09      00        
0330001300002Z70976E1B107066156AE6D31                                         PGTFORNB10042013900006026                                                                                                                               00        
0330001300003J00003399566400000414619513931700000104531560101DISTRIBUIDORA AUTOMOTIVA S.A. 10042013000000000041461000000000000000000000000000000100420130000000000414610000000000000005754                900006027           09      00        
0330001300004Z70976E1D011272222183CFF                                         PGTFORNB10042013900006027                                                                                                                               00        
0330001300005J00003394566400000289909492147000000000600970104J FREITAS COM IMP E EXP LTDA  10042013000000000028990000000000000000000000000000000100420130000000000289900000000000000005762                900006028           09      00        
0330001300006Z70976E1050B734846C13454                                         PGTFORNB10042013900006028                                                                                                                               00        
0330001300007J00003398566400000035009213650300000181713110102SINDICATO DOS EMPREGADOS NO CO10042013000000000003500000000000000000000000000000000100420130000000000035000000000000000005789                900006029           09      00        
0330001300008Z70976E130098F3937BDD7AB                                         PGTFORNB10042013900006029                                                                                                                               00        
0330001300009J00003392566400000014009213650300000181713200102SINDICATO DOS EMPREGADOS NO CO10042013000000000001400000000000000000000000000000000100420130000000000014000000000000000005790                900006030           09      00        
0330001300010Z70976E1ADD00111927E17CD                                         PGTFORNB10042013900006030                                                                                                                               00        
0330001300011J00003392566400000014009213650300000181713380102SINDICATO DOS EMPREGADOS NO CO10042013000000000001400000000000000000000000000000000100420130000000000014000000000000000005791                900006031           09      00        
0330001300012Z70976E1AF201BE43C8033AA                                         PGTFORNB10042013900006031                                                                                                                               00        
0330001300013J00003397566400000014009213650300000181739850102SINDICATO DOS EMPREGADOS NO CO10042013000000000001400000000000000000000000000000000100420130000000000014000000000000000005792                900006032           09      00        
0330001300014Z70976E11F2B73A267D134E1                                         PGTFORNB10042013900006032                                                                                                                               00        
03300015         000016000000000000089436000000000000000000300410                                                                                                                                                                               
03300021C2031030 2054375370001370033006500490028050300065 0000480000414 AUTO GERAL DE ITU LTDA                                                                              00000                                   00000000                    
0330002300001J00023794566400000802792698091330910000602004530ABDELNOR II COM COMB LTDA     10042013000000000080279000000000000000000000000000000100420130000000000802790000000000000005742                900006033           09      00        
0330002300002Z70976E15D736F78F0721A6D                                         PGTFORNB10042013900006033                                                                                                                               00        
0330002300003J00034191566400000130001129714042429107002439000AUTO PECAS CASTRO LTDA        10042013000000000013000000000000000000000000000000000100420130000000000130000000000000000005743                900006034           09      00        
0330002300004Z70976E162138800A4973B13                                         PGTFORNB10042013900006034                                                                                                                               00        
0330002300005J00034194566400000387981572351236350278483557000AUTO POSTO ESTRADAO DE ITU LTD10042013000000000038798000000000000000000000000000000100420130000000000387980000000000000005744                900006035           09      00        
0330002300006Z70976E1C8059FDFD3649903                                         PGTFORNB10042013900006035                                                                                                                               00        
0330002300007J00034191566400002023501127508453911248021303000BANCO FIBRA SA                10042013000000000202350000000000000000000000000000000100420130000000002023500000000000000005745                900006036           09      00        
0330002300008Z70976E1EC7261B8D1647C15                                         PGTFORNB10042013900006036                                                                                                                               00        
0330002300009J00034195566400000130001090000351230278067418000CAPITAL EMBALAGENS DESCAT LTDA10042013000000000013000000000000000000000000000000000100420130000000000130000000000000000005746                900006037           09      00        
0330002300010Z70976E147E030B3119C22C4                                         PGTFORNB10042013900006037                                                                                                                               00        
0330002300011J00034199566400000059001129384593700076000777000CENTER PECAS FABBRI LTDA      10042013000000000005900000000000000000000000000000000100420130000000000059000000000000000005747                900006038           09      00        
0330002300012Z70976E1059CA4C960256060                                         PGTFORNB10042013900006038                                                                                                                               00        
0330002300013J00034198566400000173501129384593470076000777000CENTER PECAS FABBRI LTDA      10042013000000000017350000000000000000000000000000000100420130000000000173500000000000000005748                900006039           09      00        
0330002300014Z70976E1FAED9FA38CFA4ACD                                         PGTFORNB10042013900006039                                                                                                                               00        
0330002300015J00034195566400000800001129384593540076000777000CENTER PECAS FABBRI LTDA      10042013000000000080000000000000000000000000000000000100420130000000000800000000000000000005749                900006040           09      00        
0330002300016Z70976E143A1D542578262D3                                         PGTFORNB10042013900006040                                                                                                                               00        
0330002300017J00034191566400000031501129384593880076000777000CENTER PECAS FABBRI LTDA      10042013000000000003150000000000000000000000000000000100420130000000000031500000000000000005750                900006041           09      00        
0330002300018Z70976E1149FC454C4BEF87C                                         PGTFORNB10042013900006041                                                                                                                               00        
0330002300019J00000193566400009297834584340000000000100058321DB DISTRIBUIDORA DE BATERIAS L10042013000000000929783000000000000000000000000000000100420130000000009297830000000000000005751                900006042           09      00        
0330002300020Z70976E1411BE1125265CC0A                                         PGTFORNB10042013900006042                                                                                                                               00        
0330002300021J00034191566400006030241128793316532938030539000DELPHI AUTOM SYSTEMS BR LTDA  10042013000000000603024000000000000000000000000000000100420130000000006030240000000000000005752                900006043           09      00        
0330002300022Z70976E1898D811D004B90EF                                         PGTFORNB10042013900006043                                                                                                                               00        
0330002300023J00000191566400000081501839690609318490001531417ENGRECAMP DISTR DE ENGRENAGENS10042013000000000008150000000000000000000000000000000100420130000000000081500000000000000005755                900006044           09      00        
0330002300024Z70976E13E6149FBAC6EC920                                         PGTFORNB10042013900006044                                                                                                                               00        
0330002300025J00000197566400002193770000001743106000000219717FOCUS PRODUTOS AUTOMOTIVOS LTD10042013000000000219377000000000000000000000000000000100420130000000002193770000000000000005756                900006045           09      00        
0330002300026Z70976E1F21A4680C7577790                                         PGTFORNB10042013900006045                                                                                                                               00        
0330002300027J00034192566400007359721129527342292938017569000FRAS-LE S/A                   10042013000000000735972000000000000000000000000000000100420130000000007359720000000000000005757                900006046           09      00        
0330002300028Z70976E1D11E6F642B98175C                                         PGTFORNB10042013900006046                                                                                                                               00        
0330002300029J00034195566400004533761129762111962938017569000FRAS-LE S/A                   10042013000000000453376000000000000000000000000000000100420130000000004533760000000000000005758                900006047           09      00        
0330002300030Z70976E17A3E06B5E540FBD1                                         PGTFORNB10042013900006047                                                                                                                               00        
0330002300031J00034197566400000666301090304769160109276204000GIRANDO COMERCIO DE PECAS LTDA10042013000000000066630000000000000000000000000000000100420130000000000666300000000000000005759                900006048           09      00        
0330002300032Z70976E1663725FF57CD9A68                                         PGTFORNB10042013900006048                                                                                                                               00        
0330002300033J00034196566400000371431090304769080109276204000GIRANDO COMERCIO DE PECAS LTDA10042013000000000037143000000000000000000000000000000100420130000000000371430000000000000005760                900006049           09      00        
0330002300034Z70976E1DF1F045CBAEFEC3E                                         PGTFORNB10042013900006049                                                                                                                               00        
0330002300035J00034196566400000121021090304763460109276204000GIRANDO COMERCIO DE PECAS LTDA10042013000000000012102000000000000000000000000000000100420130000000000121020000000000000005761                900006050           09      00        
0330002300036Z70976E1D7E4825226AA7602                                         PGTFORNB10042013900006050                                                                                                                               00        
0330002300037J00023799566400015526653372093086000004705096800METALURGICA SCHADEK LTDA      10042013000000001552665000000000000000000000000000000100420130000000015526650000000000000005763                900006051           09      00        
0330002300038Z70976E18204DB02F81EA1B9                                         PGTFORNB10042013900006051                                                                                                                               00        
0330002300039J00023795566400003357232511193079000003900043930MONPAR IND COM DE AUTO PECAS L10042013000000000335723000000000000000000000000000000100420130000000003357230000000000000005764                900006052           09      00        
0330002300040Z70976E11EF2EF460A9E757F                                         PGTFORNB10042013900006052                                                                                                                               00        
0330002300041J00000199566400000715800000002108330000000813217PECA MAIS COMERCIO DE AUTO PEC10042013000000000071580000000000000000000000000000000100420130000000000715800000000000000005765                900006053           09      00        
0330002300042Z70976E13B6EFEE2AD3900F8                                         PGTFORNB10042013900006053                                                                                                                               00        
0330002300043J00039998566400000971708144672164004540096965001PELLEGRINO DISTRIBUIDORA DE AU10042013000000000097170000000000000000000000000000000100420130000000000971700000000000000005766                900006054           09      00        
0330002300044Z70976E1B78F17841686CBAA                                         PGTFORNB10042013900006054                                                                                                                               00        
0330002300045J00039999566400000694968144672205004540096965001PELLEGRINO DISTRIBUIDORA DE AU10042013000000000069496000000000000000000000000000000100420130000000000694960000000000000005767                900006055           09      00        
0330002300046Z70976E1DBB5DF325ED1AA97                                         PGTFORNB10042013900006055                                                                                                                               00        
0330002300047J00039992566400000325188144672194104540096965001PELLEGRINO DISTRIBUIDORA DE AU10042013000000000032518000000000000000000000000000000100420130000000000325180000000000000005768                900006056           09      00        
0330002300048Z70976E1489AA24A4CEDF5F0                                         PGTFORNB10042013900006056                                                                                                                               00        
0330002300049J00023799566400000583423484093044000053001129000PETRONAS LUBRIFICANTES BRASIL 10042013000000000058342000000000000000000000000000000100420130000000000583420000000000000005769                900006057           09      00        
0330002300050Z70976E1490033AC17A2E953                                         PGTFORNB10042013900006057                                                                                                                               00        
0330002300051J00034195566400001755671129767313180191074004000POLIPECAS COMERCIAL E IMPORTAD10042013000000000175567000000000012290000000000000000100420130000000001632770000000000000005770                900006058           09      00        
0330002300052Z70976E16E69E5551411F19F                                         PGTFORNB10042013900006058                                                                                                                               00        
0330002300053J00039992566400000313142995129569605313093513001REAL MOTO PECAS LTDA          10042013000000000031314000000000000000000000000000000100420130000000000313140000000000000005771                900006059           09      00        
0330002300054Z70976E1A12282D26E6A1E0B                                         PGTFORNB10042013900006059                                                                                                                               00        
0330002300055J00039997566400000304083133562841405313093513001REAL MOTO PECAS LTDA          10042013000000000030408000000000000000000000000000000100420130000000000304080000000000000005772                900006060           09      00        
0330002300056Z70976E119D92D6CD25020F1                                         PGTFORNB10042013900006060                                                                                                                               00        
0330002300057J00000191566400002123000000001291892000004853217VESPOR AUTOMOTIVE DIST DE AUTO10042013000000000212300000000000000000000000000000000100420130000000002123000000000000000005773                900006061           09      00        
0330002300058Z70976E1CE3089A05AC7F683                                         PGTFORNB10042013900006061                                                                                                                               00        
0330002300059J00000199566400000578680000001148003000007562717VESPOR AUTOMOTIVE DIST DE AUTO10042013000000000057868000000000000000000000000000000100420130000000000578680000000000000005774                900006062           09      00        
0330002300060Z70976E144CDDCC8E1905A7C                                         PGTFORNB10042013900006062                                                                                                                               00        
0330002300061J00000197566400000241980000001291892000004852217VESPOR AUTOMOTIVE DIST DE AUTO10042013000000000024198000000000000000000000000000000100420130000000000241980000000000000005775                900006063           09      00        
0330002300062Z70976E155798EF943F4763B                                         PGTFORNB10042013900006063                                                                                                                               00        
0330002300063J00000191566400000940980000001148003000007562817VESPOR AUTOMOTIVE DIST DE AUTO10042013000000000094098000000000000000000000000000000100420130000000000940980000000000000005776                900006064           09      00        
0330002300064Z70976E14CB6DD4628BD7B1E                                         PGTFORNB10042013900006064                                                                                                                               00        
0330002300065J00000199566400000357160000001291892000004852317VESPOR AUTOMOTIVE DIST DE AUTO10042013000000000035716000000000000000000000000000000100420130000000000357160000000000000005777                900006065           09      00        
0330002300066Z70976E14F81AF535FF57076                                         PGTFORNB10042013900006065                                                                                                                               00        
0330002300067J00000195566400000409670000001148003000007562617VESPOR AUTOMOTIVE DIST DE AUTO10042013000000000040967000000000000000000000000000000100420130000000000409670000000000000005778                900006066           09      00        
0330002300068Z70976E1EB761E4A94E60874                                         PGTFORNB10042013900006066                                                                                                                               00        
0330002300069J00009093566400014558453801000010023413000236626UNIMED SALTO/ITU COOP TRAB MED10042013000000001455845000000000000000000000000000000100420130000000014558450000000000000005779                900006067           09      00        
0330002300070Z70976E1F1D240AE8E4C13AC                                         PGTFORNB10042013900006067                                                                                                                               00        
0330002300071J00009091566400001680003801000010023413000237991UNIMED SALTO/ITU COOP TRAB MED10042013000000000168000000000000000000000000000000000100420130000000001680000000000000000005780                900006068           09      00        
0330002300072Z70976E1E700974A2BA50E1B                                         PGTFORNB10042013900006068                                                                                                                               00        
0330002300073J00034197566400000037331129670348540076004985000UNIMED SOROCABA COOP TRABALHO 10042013000000000003733000000000000000000000000000000100420130000000000037330000000000000005781                900006069           09      00        
0330002300074Z70976E1B2CB824C1B9063FD                                         PGTFORNB10042013900006069                                                                                                                               00        
0330002300075J00034197566400000015001129670348700076004985000UNIMED SOROCABA COOP TRABALHO 10042013000000000001500000000000000000000000000000000100420130000000000015000000000000000005782                900006070           09      00        
0330002300076Z70976E114B02E08A308EAE3                                         PGTFORNB10042013900006070                                                                                                                               00        
0330002300077J00034191566400008343021129670348620076004985000UNIMED SOROCABA COOP TRABALHO 10042013000000000834302000000000000000000000000000000100420130000000008343020000000000000005783                900006071           09      00        
0330002300078Z70976E1DAACB13F925FF6C5                                         PGTFORNB10042013900006071                                                                                                                               00        
0330002300079J00034199566400000000001750180398818052145193000SINDICATO DOS EMPREGADOS NO CO10042013000000000067899000000000000000000000000000000100420130000000000678990000000000000005784                900006072           09      00        
0330002300080Z70976E1F9BC33504561BE6D                                         PGTFORNB10042013900006072                                                                                                                               00        
0330002300081J00034191566400000000001750180398998052145193000SINDICATO DOS EMPREGADOS NO CO10042013000000000015434000000000000000000000000000000100420130000000000154340000000000000005785                900006073           09      00        
0330002300082Z70976E192C2306AE7A4C194                                         PGTFORNB10042013900006073                                                                                                                               00        
0330002300083J00034191566400000000001750180399078052145193000SINDICATO DOS EMPREGADOS NO CO10042013000000000009250000000000000000000000000000000100420130000000000092500000000000000005786                900006074           09      00        
0330002300084Z70976E1C1126E6684F5DCEC                                         PGTFORNB10042013900006074                                                                                                                               00        
0330002300085J00034196566400000000001750180577848052145193000SINDICATO DOS EMPREGADOS NO CO10042013000000000023967000000000000000000000000000000100420130000000000239670000000000000005787                900006075           09      00        
0330002300086Z70976E1E9DDF5CE4754B323                                         PGTFORNB10042013900006075                                                                                                                               00        
0330002300087J00034196566400000000001750180399158052145193000SINDICATO DOS EMPREGADOS NO CO10042013000000000010863000000000000000000000000000000100420130000000000108630000000000000005788                900006076           09      00        
0330002300088Z70976E163DEA962636A8DDF                                         PGTFORNB10042013900006076                                                                                                                               00        
03300025         000090000000000009017817000000000000000000310410                                                                                                                                                                               
03300031C2003031 2054375370001370033006500490028050300065 0000480000414 AUTO GERAL DE ITU LTDA                                                                              00000                                   00000000                    
0330003300001A0007002370247400000000173703 ARAMAR PECAS AUTOMOTIVAS LTDA 5794                10042013BRL000000000000000000000000132288900006024           10042013000000000132288                                        07          000        
0330003300002B   208640608000192                              00000                                                  00000000  100420130000000001322880000000000000000000000000000000000000000000000000000000000000000                00        
0330003300003Z70976E1540B87577E8A59D0                                         PGTFORNB10042013900006024                                                                                                                               00        
03300035         000005000000000000132288000000000000000000030410                                                                                                                                                                               
03399999         000003000113000000                                                                                                                                                                                                             
