03300000         2054375370001370033006500490028050300065 0000480000414 AUTO GERAL DE ITU LTDA        SANTANDER                               22602201302201800023906000000                                                                     
03300011C2030030 2054375370001370033006500490028050300065 0000480000414 AUTO GERAL DE ITU LTDA                                                                              00000                                   00000000                    
0330001300001J00003391562100002601539141963300000007574890201VALERIA DAVANSO AGUADO        26022013000000000260153000000000000000000000000000000260220130000000002601530000000000000004323                900004595           09      00        
0330001300002Z70976E1C4F29ED3C88973EE                                         PGTFORNB26022013900004595                                                                                                                               00        
0330001300003J00035693562200000122240689070323420000003263291DISTRIBUIDORA AUTOMOTIVA S.A. 27022013000000000012224000000000000000000000000000000260220130000000000122240000000000000004331                900004614           09      00        
0330001300004Z70976E126F97416777485D8                                         PGTFORNB26022013900004614                                                                                                                               00        
0330001300005J00003398562200000496669173505500000006044100203BODIPASA BOMBAS DIESEL PAULIST27022013000000000049666000000000000000000000000000000260220130000000000496660000000000000004325                900004596           09      00        
0330001300006Z70976E1B67D6D98835C00A3                                         PGTFORNB26022013900004596                                                                                                                               00        
0330001300007J00003392562200000503899472544100000001082600104CINPAL CIA IND DE PECAS P/ AUT27022013000000000050389000000000000000000000000000000260220130000000000503890000000000000004327                900004597           09      00        
0330001300008Z70976E18C3B945529A445F1                                         PGTFORNB26022013900004597                                                                                                                               00        
0330001300009J00003392562200000502009492147000000000568040104J FREITAS COM IMP E EXP LTDA  27022013000000000050200000000000000000000000000000000260220130000000000502000000000000000004336                900004598           09      00        
0330001300010Z70976E170DC146646BC495A                                         PGTFORNB26022013900004598                                                                                                                               00        
03300015         000012000000000000422632000000000000000000300226                                                                                                                                                                               
03300021C2031030 2054375370001370033006500490028050300065 0000480000414 AUTO GERAL DE ITU LTDA                                                                              00000                                   00000000                    
0330002300001J00034198562100000532541571683036260278483557000AUTO POSTO ESTRADAO DE ITU LTD26022013000000000053254000000000000000000000000000000260220130000000000532540000000000000004312                900004599           09      00        
0330002300002Z70976E19A9098C3FA4B127E                                         PGTFORNB26022013900004599                                                                                                                               00        
0330002300003J00034198562100000559441090008746252938050420000ITA PECAS PARA VEIC COM E SERV26022013000000000055944000000000000000000000000000000260220130000000000559440000000000000004317                900004604           09      00        
0330002300004Z70976E1DADABE8B346E2C2E                                         PGTFORNB26022013900004604                                                                                                                               00        
0330002300005J00034197562100000632001127211253292938074016000ITAVOX VEICULOS               26022013000000000063200000000000000000000000000000000260220130000000000632000000000000000004318                900004605           09      00        
0330002300006Z70976E15B2C07D24B353552                                         PGTFORNB26022013900004605                                                                                                                               00        
0330002300007J00023792562100000658903394090000013387300324600MORELATE DISTRIBUIDORA DE AUTO26022013000000000065890000000000000000000000000000000260220130000000000658900000000000000004319                900004606           09      00        
0330002300008Z70976E179CB4B2070BCC0D9                                         PGTFORNB26022013900004606                                                                                                                               00        
0330002300009J00039995562100002681283133538451505313093513001REAL MOTO PECAS LTDA          26022013000000000268128000000000000000000000000000000260220130000000002681280000000000000004320                900004607           09      00        
0330002300010Z70976E12C70866D0410730B                                         PGTFORNB26022013900004607                                                                                                                               00        
0330002300011J00034192562100002905201128041738732938016363000RR DONNELLEY MOORE EDT GR LTDA26022013000000000290520000000000000000000000000000000260220130000000002905200000000000000004321                900004608           09      00        
0330002300012Z70976E1ED16052854B65390                                         PGTFORNB26022013900004608                                                                                                                               00        
0330002300013J00034193562200000590781126422893032938107808000ELIVEL AUTOMOTORES LTDA       27022013000000000059078000000000000000000000000000000260220130000000000590780000000000000004332                900004615           09      00        
0330002300014Z70976E1859C3DD0DF79958E                                         PGTFORNB26022013900004615                                                                                                                               00        
0330002300015J00034192562200000332991090304530630109276204000GIRANDO COMERCIO DE PECAS LTDA27022013000000000033299000000000000000000000000000000260220130000000000332990000000000000004333                900004616           09      00        
0330002300016Z70976E1CE5C45E814DAA1A9                                         PGTFORNB26022013900004616                                                                                                                               00        
0330002300017J00034191562200000179991090304529820109276204000GIRANDO COMERCIO DE PECAS LTDA27022013000000000017999000000000000000000000000000000260220130000000000179990000000000000004334                900004617           09      00        
0330002300018Z70976E12F81F1FDDCB19D7E                                         PGTFORNB26022013900004617                                                                                                                               00        
0330002300019J00023795562100000368892002061301406280100829680COMERCIAL AUTOMOTIVA S.A.     26022013000000000036889000000000000000000000000000000260220130000000000368890000000000000004313                900004600           09      00        
0330002300020Z70976E1FC34A2DC1F8D7885                                         PGTFORNB26022013900004600                                                                                                                               00        
0330002300021J00034191562100000075481127330750582938000052000EATON LTDA                    26022013000000000007548000000000000000000000000000000260220130000000000075480000000000000004314                900004601           09      00        
0330002300022Z70976E1DAC9B4F7418DE388                                         PGTFORNB26022013900004601                                                                                                                               00        
0330002300023J00034192562100000192851127863018562938000052000EATON LTDA                    26022013000000000019285000000000000000000000000000000260220130000000000192850000000000000004315                900004602           09      00        
0330002300024Z70976E1B690683C11CEF9C7                                         PGTFORNB26022013900004602                                                                                                                               00        
0330002300025J00023791562100000872171969093039000031300333460EWF IMPORT EXP COMERCIO LTDA  26022013000000000087217000000000000000000000000000000260220130000000000872170000000000000004316                900004603           09      00        
0330002300026Z70976E14962797575CBF246                                         PGTFORNB26022013900004603                                                                                                                               00        
0330002300027J00000191562200000453000000001451672442886058611BANCO VOTORANTIM SA           27022013000000000045300000000000000000000000000000000260220130000000000453000000000000000004335                900004618           09      00        
0330002300028Z70976E17F12B2AF0DB6A705                                         PGTFORNB26022013900004618                                                                                                                               00        
0330002300029J00023792562200000195003372097310006546100731000MAGGI AUTOMOVEIS LTDA         27022013000000000019500000000000000000000000000000000260220130000000000195000000000000000004337                900004619           09      00        
0330002300030Z70976E12E35FE5AD3F82212                                         PGTFORNB26022013900004619                                                                                                                               00        
0330002300031J00034192562200001281491127853073672938025125000MAHLE METAL LEVE S/A          27022013000000000128149000000000000000000000000000000260220130000000001281490000000000000004338                900004620           09      00        
0330002300032Z70976E11754093353F9DD0F                                         PGTFORNB26022013900004620                                                                                                                               00        
0330002300033J00034198562200000226271127853073752938025125000MAHLE METAL LEVE S/A          27022013000000000022627000000000000000000000000000000260220130000000000226270000000000000004339                900004621           09      00        
0330002300034Z70976E1F70B38B893341511                                         PGTFORNB26022013900004621                                                                                                                               00        
0330002300035J00023795562200005746941449093051000000400486600MICHAEL SANTOS DA SILVA PECAS 27022013000000000574694000000000000000000000000000000260220130000000005746940000000000000004340                900004622           09      00        
0330002300036Z70976E167F950E82F0178AD                                         PGTFORNB26022013900004622                                                                                                                               00        
0330002300037J00023799562200000300000328060000000970200026300COMERCIAL RT                  27022013000000000030000000000000000000000000000000000260220130000000000300000000000000000004341                900004623           09      00        
0330002300038Z70976E117C58AA5164B27CB                                         PGTFORNB26022013900004623                                                                                                                               00        
0330002300039J00023798562200000552593395090000005104500650000SORANA SUL                    27022013000000000055259000000000000000000000000000000260220130000000000552590000000000000004342                900004624           09      00        
0330002300040Z70976E1E07E5EDAAFF065EE                                         PGTFORNB26022013900004624                                                                                                                               00        
0330002300041J00023791562200000242261998190000011360800503970VANUCCI IMPORTACAO EXPORT. E C27022013000000000024226000000000000000000000000000000260220130000000000242260000000000000004343                900004625           09      00        
0330002300042Z70976E1B761D119B0F94D28                                         PGTFORNB26022013900004625                                                                                                                               00        
0330002300043J00039991562200000311841768732349104540079149001BANCO SOFISA SA               27022013000000000031184000000000000000000000000000000260220130000000000311840000000000000004344                900004626           09      00        
0330002300044Z70976E1AA7E6ED859CA1011                                         PGTFORNB26022013900004626                                                                                                                               00        
0330002300045J00000194562100000247380444243202433260008018911T-PARTS COML E IMP DE AUTOPECA26022013000000000024738000000000000000000000000000000260220130000000000247380000000000000004322                900004609           09      00        
0330002300046Z70976E136BA024D3DC97494                                         PGTFORNB26022013900004609                                                                                                                               00        
0330002300047J00034191562200000190701128278478590076000777000CENTER PECAS FABBRI LTDA      27022013000000000019070000000000000000000000000000000260220130000000000190700000000000000004326                900004610           09      00        
0330002300048Z70976E172125251A5921E52                                         PGTFORNB26022013900004610                                                                                                                               00        
0330002300049J00023791562200007538403396092325000000400008270CINPAL CIA IND DE PECAS P/ AUT27022013000000000753840000000000000000000000000000000260220130000000007538400000000000000004328                900004611           09      00        
0330002300050Z70976E12EF479AD69F2387D                                         PGTFORNB26022013900004611                                                                                                                               00        
0330002300051J00023795562200000851143396092325000000800008270CINPAL CIA IND DE PECAS P/ AUT27022013000000000085114000000000000000000000000000000260220130000000000851140000000000000004329                900004612           09      00        
0330002300052Z70976E122A5FF13AA06316C                                         PGTFORNB26022013900004612                                                                                                                               00        
0330002300053J00023799562200000251102002061301407126100829680COMERCIAL AUTOMOTIVA S.A.     27022013000000000025110000000000000000000000000000000260220130000000000251100000000000000004330                900004613           09      00        
0330002300054Z70976E193488DFE5BA07EEA                                         PGTFORNB26022013900004613                                                                                                                               00        
03300025         000056000000000002897062000000000000000000310226                                                                                                                                                                               
03300031C2003031 2054375370001370033006500490028050300065 0000480000414 AUTO GERAL DE ITU LTDA                                                                              00000                                   00000000                    
0330003300001A0007000010154660000002050374 GERAL PARTS COM PECAS E ABRASI4324                26022013BRL000000000000000000000000062477900004594           26022013000000000062477                                        07          000        
0330003300002B   252472438000176                              00000                                                  00000000  260220130000000000624770000000000000000000000000000000000000000000000000000000000000000                00        
0330003300003Z70976E16F5C26CE11A009C2                                         PGTFORNB26022013900004594                                                                                                                               00        
03300035         000005000000000000062477000000000000000000030226                                                                                                                                                                               
03399999         000003000075000000                                                                                                                                                                                                             
