03300000         2054375370001370033006500490028050300065 0000480000414 AUTO GERAL DE ITU LTDA        SANTANDER                               21311201202451000004106000000                                                                     
03300011C2030030 2054375370001370033006500490028050300065 0000480000414 AUTO GERAL DE ITU LTDA                                                                              00000                                   00000000                    
0330001300001J00003392551600001697909205103600000000034090104CAFIL IND E COM DE AUTO PECAS 1311201200000000016979000000000000000000000000000000013112012000000000169790000000000000000715                 900001007           09      00        
0330001300002Z70976E1AE3328EB61A0223A                                         PGTFORNB13112012900001007                                                                                                                               00        
0330001300003J00035698551600000690320689070323440000004888953DISTRIBUIDORA AUTOMOTIVA SA   1311201200000000006903200000000000000000000000000000013112012000000000069032000000000000000718                 900001010           09      00        
0330001300004Z70976E108178AFF34E98F1D                                         PGTFORNB13112012900001010                                                                                                                               00        
0330001300005J00035696551600000309960689070323480000004888959DISTRIBUIDORA AUTOMOTIVA SA   1311201200000000003099600000000000000000000000000000013112012000000000030996000000000000000720                 900001012           09      00        
0330001300006Z70976E1BF7F21DD02DC04D1                                         PGTFORNB13112012900001012                                                                                                                               00        
0330001300007J00035693551600000582330409503986710000000239501ITA PECAS PARA VEIC COM E SERV1311201200000000005823300000000000000000000000000000013112012000000000058233000000000000000731                 900001023           09      00        
0330001300008Z70976E1EE887CA2D3006927                                         PGTFORNB13112012900001023                                                                                                                               00        
0330001300009J00035699551600000166750689070323490000004888990DISTRIBUIDORA AUTOMOTIVA SA   1311201200000000001667500000000000000000000000000000013112012000000000016675000000000000000719                 900001011           09      00        
0330001300010Z70976E18948C970F7FD9FD9                                         PGTFORNB13112012900001011                                                                                                                               00        
03300015         000012000000000000344726000000000000000000301113                                                                                                                                                                               
03300021C2031030 2054375370001370033006500490028050300065 0000480000414 AUTO GERAL DE ITU LTDA                                                                              00000                                   00000000                    
0330002300001J00000197551600000722180000001011760000003730418COMPEL DISTR E COM DE AUTO PEC1311201200000000007221800000000000000000000000000000013112012000000000072218000000000000000717                 900001009           09      00        
0330002300002Z70976E1636AB01277CDB725                                         PGTFORNB13112012900001009                                                                                                                               00        
0330002300003J00034193551600000012641125094180292938000052000EATON LTDA                    1311201200000000000126400000000000000000000000000000013112012000000000001264000000000000000722                 900001014           09      00        
0330002300004Z70976E17E3B123DE1D52B99                                         PGTFORNB13112012900001014                                                                                                                               00        
0330002300005J00034197551600000236771124678765642938000052000EATON LTDA                    1311201200000000002367700000000000000000000000000000013112012000000000023677000000000000000723                 900001015           09      00        
0330002300006Z70976E1244653BA7571FBB3                                         PGTFORNB13112012900001015                                                                                                                               00        
0330002300007J00034191551600000850681125094201812938000052000EATON LTDA                    1311201200000000008506800000000000000000000000000000013112012000000000085068000000000000000724                 900001016           09      00        
0330002300008Z70976E19C2BDFF6371C4EC0                                         PGTFORNB13112012900001016                                                                                                                               00        
0330002300009J00034198551600000505081125094184902938000052000EATON LTDA                    1311201200000000005050800000000000000000000000000000013112012000000000050508000000000000000725                 900001017           09      00        
0330002300010Z70976E15678A4380AC2715A                                         PGTFORNB13112012900001017                                                                                                                               00        
0330002300011J00034199551600000133981125094181932938000052000EATON LTDA                    1311201200000000001339800000000000000000000000000000013112012000000000013398000000000000000726                 900001018           09      00        
0330002300012Z70976E1267EF7E341315BB4                                         PGTFORNB13112012900001018                                                                                                                               00        
0330002300013J00034192551600000537571090304002960109276204000GIRANDO COM DE PECAS LTDA     1311201200000000005375700000000000000000000000000000013112012000000000053757000000000000000727                 900001019           09      00        
0330002300014Z70976E1BA6C6CA0106BA6CB                                         PGTFORNB13112012900001019                                                                                                                               00        
0330002300015J00034198551600000119991090303997460109276204000GIRANDO COM DE PECAS LTDA     1311201200000000001199900000000000000000000000000000013112012000000000011999000000000000000728                 900001020           09      00        
0330002300016Z70976E15F5F99AC7706448F                                         PGTFORNB13112012900001020                                                                                                                               00        
0330002300017J00034197551600000243191090304001550109276204000GIRANDO COM DE PECAS LTDA     1311201200000000002431900000000000000000000000000000013112012000000000024319000000000000000729                 900001021           09      00        
0330002300018Z70976E100B9ED3CEB292B86                                         PGTFORNB13112012900001021                                                                                                                               00        
0330002300019J00000198551600002238450441544141001790000407011H S COMERCIO DE ADESIVOS LTDA 1311201200000000022384500000000000000000000000000000013112012000000000223845000000000000000730                 900001022           09      00        
0330002300020Z70976E13FA9533A843BA705                                         PGTFORNB13112012900001022                                                                                                                               00        
0330002300021J00000192551600004549490442085500934280000630911JOFUND SA                     1311201200000000045494900000000000000000000000000000013112012000000000454949000000000000000732                 900001024           09      00        
0330002300022Z70976E16588548AC6968906                                         PGTFORNB13112012900001024                                                                                                                               00        
0330002300023J00023792551600005891063398022306000001801220000MASAFLEX IND E COM LTDA       1311201200000000058910600000000000000000000000000000013112012000000000589106000000000000000733                 900001025           09      00        
0330002300024Z70976E1199042ED6B5FC94D                                         PGTFORNB13112012900001025                                                                                                                               00        
0330002300025J00023793551600000379533392022293000010001078260MF CAMBUCI DISTR DE AUTOPECAS 1311201200000000003795300000000000000000000000000000013112012000000000037953000000000000000734                 900001026           09      00        
0330002300026Z70976E19D0848386621C317                                         PGTFORNB13112012900001026                                                                                                                               00        
0330002300027J00034195000000000000001219796977791012365225000PACAEMBU AUTOPECAS LTDA       1311201200000000020177300000000000000000000000000000013112012000000000201773000000000000000735                 900001027           09      00        
0330002300028Z70976E130110D528427BDEC                                         PGTFORNB13112012900001027                                                                                                                               00        
0330002300029J00039993551600000459622696542277204540096965001PELLEGRINO DISTR DE AUTOPECAS 1311201200000000004596200000000000000000000000000000013112012000000000045962000000000000000736                 900001028           09      00        
0330002300030Z70976E102439E5589F3022A                                         PGTFORNB13112012900001028                                                                                                                               00        
0330002300031J00023795551600001742593484092271000011501129000PETRONAS LUBRIFICANTES BRASIL 1311201200000000017425900000000000000000000000000000013112012000000000174259000000000000000737                 900001029           09      00        
0330002300032Z70976E16BA2F380DF2DED99                                         PGTFORNB13112012900001029                                                                                                                               00        
0330002300033J00023793551600003268120151091323040007801251750PECA MAIS COM DE AUTOPECAS LTD1311201200000000032681200000000000000000000000000000013112012000000000326812000000000000000738                 900001030           09      00        
0330002300034Z70976E14CB0450A74245359                                         PGTFORNB13112012900001030                                                                                                                               00        
0330002300035J00023798551600000718160495092262000040400995600CAOA CAMINHOES LTDA           1311201200000000007181600000000000000000000000000000013112012000000000071816000000000000000716                 900001008           09      00        
0330002300036Z70976E1B670E4E78C554F75                                         PGTFORNB13112012900001008                                                                                                                               00        
0330002300037J00034193551600002110401125543475370191074004000POLIPECAS COML E IMP LTDA     1311201200000000021104000000000001477300000000000000013112012000000000196267000000000000000739                 900001031           09      00        
0330002300038Z70976E1E900E558D2ABBF66                                         PGTFORNB13112012900001031                                                                                                                               00        
0330002300039J00000196551600000316030000002096856000001934517PRV COMERCIO DE PECAS LTDA    1311201200000000003160300000000000000000000000000000013112012000000000031603000000000000000740                 900001032           09      00        
0330002300040Z70976E1717F4F3FCFB0B2E1                                         PGTFORNB13112012900001032                                                                                                                               00        
0330002300041J00039993551600003528152053151145005313093513001REAL MOTO PECAS LTDA          1311201200000000035281500000000000000000000000000000013112012000000000352815000000000000000741                 900001033           09      00        
0330002300042Z70976E140664060A7EC64D2                                         PGTFORNB13112012900001033                                                                                                                               00        
0330002300043J00000191551600004981220000001103966441975663411TARANTO COML IMP E EXP        1311201200000000049812200000000000000000000000000000013112012000000000498122000000000000000742                 900001034           09      00        
0330002300044Z70976E15346DCE8030139C7                                         PGTFORNB13112012900001034                                                                                                                               00        
0330002300045J00039991551600000356711762788374904540575219001TRELLEBORG AUTOMOTIVE DO BRASI1311201200000000003567100000000000000000000000000000013112012000000000035671000000000000000743                 900001035           09      00        
0330002300046Z70976E142BCD9C44B83D1B3                                         PGTFORNB13112012900001035                                                                                                                               00        
0330002300047J00039991551600000280351762788372204540575219001TRELLEBORG AUTOMOTIVE DO BRASI1311201200000000002803500000000000000000000000000000013112012000000000028035000000000000000744                 900001036           09      00        
0330002300048Z70976E1DCD45A39BA7EB82F                                         PGTFORNB13112012900001036                                                                                                                               00        
0330002300049J00039992551600000469651762788363304540575219001TRELLEBORG AUTOMOTIVE DO BRASI1311201200000000004696500000000000000000000000000000013112012000000000046965000000000000000745                 900001037           09      00        
0330002300050Z70976E15A930545844CDD0B                                         PGTFORNB13112012900001037                                                                                                                               00        
0330002300051J00023791551600000253870138092276000003401453000OBB CONSULTORIA E PARTICIPACOE1311201200000000002538700000000000000000000000000000013112012000000000025387000000000000000721                 900001013           09      00        
0330002300052Z70976E1B59694C41C39E110                                         PGTFORNB13112012900001013                                                                                                                               00        
03300025         000054000000000003677548000000000000000000311113                                                                                                                                                                               
03300031C2003031 2054375370001370033006500490028050300065 0000480000414 AUTO GERAL DE ITU LTDA                                                                              00000                                   00000000                    
0330003300001A0007002370336770000000019291 MAX GEAR IND E COM DE AUTO PEC746                 13112012BRL000000000000000000000000322017900001005           13112012000000000322017                                        07          000        
0330003300002B   202821683000173                              00000                                                  00000000  131120120000000003220170000000000000000000000000000000000000000000000000000000000000000                00        
0330003300003Z70976E13D134111F2BF7C81                                         PGTFORNB13112012900001005                                                                                                                               00        
0330003300004A0007003410004600000000368536 REIS OFFICE PRODUCTS COMERCIAL747                 13112012BRL000000000000000000000000070026900001006           13112012000000000070026                                        07          000        
0330003300005B   253617676000195                              00000                                                  00000000  131120120000000000700260000000000000000000000000000000000000000000000000000000000000000                00        
0330003300006Z70976E16660E6E8C5843251                                         PGTFORNB13112012900001006                                                                                                                               00        
03300035         000008000000000000392043000000000000000000031113                                                                                                                                                                               
03399999         000003000076000000                                                                                                                                                                                                             
