03300000         2054375370001370033006500490028050300065 0000480000414 AUTO GERAL DE ITU LTDA        SANTANDER                               21302201304042400021506000000                                                                     
03300011C2030030 2054375370001370033006500490028050300065 0000480000414 AUTO GERAL DE ITU LTDA                                                                              00000                                   00000000                    
0330001300001J00003393560700000824769121618000000004202390203TARANTO COML IMP E EXP        12022013000000000082476000000000000000000000000000000130220130000000000824760000000000000003820                900004153           09      00        
0330001300002Z70976E1F4CEDFBA32FFDE4A                                         PGTFORNB13022013900004153                                                                                                                               00        
0330001300003J00003397560800000503899472544100000001082510104CINPAL CIA IND DE PECAS P/ AUT13022013000000000050389000000000000000000000000000000130220130000000000503890000000000000003833                900004155           09      00        
0330001300004Z70976E1ED9E69D2F4592E9A                                         PGTFORNB13022013900004155                                                                                                                               00        
0330001300005J00003398560500000014009213650300000178986760102SINDICATO DOS EMPREGADOS NO CO10022013000000000001400000000000000000000000000000000130220130000000000014000000000000000003870                900004162           09      00        
0330001300006Z70976E123507D9DE992A933                                         PGTFORNB13022013900004162                                                                                                                               00        
0330001300007J00003393560500000014009213650300000179012430102SINDICATO DOS EMPREGADOS NO CO10022013000000000001400000000000000000000000000000000130220130000000000014000000000000000003871                900004163           09      00        
0330001300008Z70976E1AA6F3BCA76CA03C7                                         PGTFORNB13022013900004163                                                                                                                               00        
0330001300009J00003394560600000400009492147000000000543800104J FREITAS COM IMP E EXP LTDA  11022013000000000040000000000000000000000000000000000130220130000000000400000000000000000003769                900004002           09      00        
0330001300010Z70976E147FD5206446AF2FB                                         PGTFORNB13022013900004002                                                                                                                               00        
0330001300011J00003393560600001754729145594000000030647940102NEVESCAR IND E COM DE AUTO PEC11022013000000000175472000000000000000000000000000000130220130000000001754720000000000000003775                900004003           09      00        
0330001300012Z70976E11093B7A339A9CC17                                         PGTFORNB13022013900004003                                                                                                                               00        
0330001300013J00003399560800000306709513931700000104007020101DISTRIBUIDORA AUTOMOTIVA S/A  13022013000000000030670000000000000000000000000000000130220130000000000306700000000000000003837                900004156           09      00        
0330001300014Z70976E1BA98BA2DD8EABCDC                                         PGTFORNB13022013900004156                                                                                                                               00        
0330001300015J00003399560800000287519513931700000104007610101DISTRIBUIDORA AUTOMOTIVA S/A  13022013000000000028751000000000000000000000000000000130220130000000000287510000000000000003841                900004157           09      00        
0330001300016Z70976E18563AB28CA14FB69                                         PGTFORNB13022013900004157                                                                                                                               00        
0330001300017J00003398560500000035009213650300000178986500102SINDICATO DOS EMPREGADOS NO CO10022013000000000003500000000000000000000000000000000130220130000000000035000000000000000003868                900004160           09      00        
0330001300018Z70976E15C7895A362ED5848                                         PGTFORNB13022013900004160                                                                                                                               00        
0330001300019J00003393560500000014009213650300000178986680102SINDICATO DOS EMPREGADOS NO CO10022013000000000001400000000000000000000000000000000130220130000000000014000000000000000003869                900004161           09      00        
0330001300020Z70976E1E45A20F5B7EE500E                                         PGTFORNB13022013900004161                                                                                                                               00        
0330001300021J00035693560800000204590689070323470000003261423DISTRIBUIDORA AUTOMOTIVA S/A  13022013000000000020459000000000000000000000000000000130220130000000000204590000000000000003839                900004120           09      00        
0330001300022Z70976E1D2A4FB1AC92AA982                                         PGTFORNB13022013900004120                                                                                                                               00        
0330001300023J00035695560800000242800689070323430000003261658DISTRIBUIDORA AUTOMOTIVA S/A  13022013000000000024280000000000000000000000000000000130220130000000000242800000000000000003840                900004121           09      00        
0330001300024Z70976E149B0DDE60DE738D7                                         PGTFORNB13022013900004121                                                                                                                               00        
0330001300025J00035691560800000294420689070323410000003261684DISTRIBUIDORA AUTOMOTIVA S/A  13022013000000000029442000000000000000000000000000000130220130000000000294420000000000000003843                900004123           09      00        
0330001300026Z70976E1CE30E62432316902                                         PGTFORNB13022013900004123                                                                                                                               00        
0330001300027J00035691560800000228970689070323460000003261390DISTRIBUIDORA AUTOMOTIVA S/A  13022013000000000022897000000000000000000000000000000130220130000000000228970000000000000003842                900004122           09      00        
0330001300028Z70976E1CDA34E55B60D5A13                                         PGTFORNB13022013900004122                                                                                                                               00        
03300015         000030000000000000512536000000000000000000300213                                                                                                                                                                               
03300021C2031030 2054375370001370033006500490028050300065 0000480000414 AUTO GERAL DE ITU LTDA                                                                              00000                                   00000000                    
0330002300001J00034198560600000734471090000215665199147918000UNIBOMBAS IND COM DE AUTOPECAS11022013000000000073447000000000000000000000000000000130220130000000000734470000000000000003796                900004081           09      00        
0330002300002Z70976E1A24D2926B4F56673                                         PGTFORNB13022013900004081                                                                                                                               00        
0330002300003J00034191000000000000001219837544751012365225000PACAEMBU AUTO PECAS LTDA      11022013000000000041060000000000000000000000000000000130220130000000000410600000000000000003781                900004066           09      00        
0330002300004Z70976E152065A54A636F86B                                         PGTFORNB13022013900004066                                                                                                                               00        
0330002300005J00034197000000000000001219837545091012365225000PACAEMBU AUTO PECAS LTDA      11022013000000000105434000000000000000000000000000000130220130000000001054340000000000000003782                900004067           09      00        
0330002300006Z70976E1124BEAC62CDD526E                                         PGTFORNB13022013900004067                                                                                                                               00        
0330002300007J00039993560600000434078144669070104540096965001PELLEGRINO DISTRIBUIDORA DE AU11022013000000000043407000000000000000000000000000000130220130000000000434070000000000000003783                900004068           09      00        
0330002300008Z70976E17EB731C225C5D437                                         PGTFORNB13022013900004068                                                                                                                               00        
0330002300009J00023791560400002320841316090000009935100009000APS DISTRIBUIDORA DE AUTOPECAS09022013000000000232084000000000000000000000000000000130220130000000002320840000000000000003717                900004004           09      00        
0330002300010Z70976E134C71B1D630CC586                                         PGTFORNB13022013900004004                                                                                                                               00        
0330002300011J00023791560400000990003114091294905609001763000BODIPASA BOMBAS DIESEL PAULIST09022013000000000099000000000000000000000000000000000130220130000000000990000000000000000003718                900004005           09      00        
0330002300012Z70976E1E4ED9E42D0AC59C0                                         PGTFORNB13022013900004005                                                                                                                               00        
0330002300013J00034196560400002063501127508453671248021303000BANCO FIBRA SA                09022013000000000206350000000000000000000000000000000130220130000000002063500000000000000003719                900004006           09      00        
0330002300014Z70976E19701A13E0681F81D                                         PGTFORNB13022013900004006                                                                                                                               00        
0330002300015J00023798560400000375530495092352000020100995600CAOA CAMINHOES LTDA           09022013000000000037553000000000000000000000000000000130220130000000000375530000000000000003720                900004007           09      00        
0330002300016Z70976E13944430C9DCEA626                                         PGTFORNB13022013900004007                                                                                                                               00        
0330002300017J00034195560400000214501127455773490076000777000CENTER PECAS FABBRI LTDA      09022013000000000021450000000000000000000000000000000130220130000000000214500000000000000003721                900004008           09      00        
0330002300018Z70976E1C6DA83632B877CEC                                         PGTFORNB13022013900004008                                                                                                                               00        
0330002300019J00034191560400000349501127455773560076000777000CENTER PECAS FABBRI LTDA      09022013000000000034950000000000000000000000000000000130220130000000000349500000000000000003722                900004009           09      00        
0330002300020Z70976E14B4103E22A2DABE0                                         PGTFORNB13022013900004009                                                                                                                               00        
0330002300021J00034194560400001282001127455773640076000777000CENTER PECAS FABBRI LTDA      09022013000000000128200000000000000000000000000000000130220130000000001282000000000000000003723                900004010           09      00        
0330002300022Z70976E18AB2532EED4060BF                                         PGTFORNB13022013900004010                                                                                                                               00        
0330002300023J00034192560400000163001127455774140076000777000CENTER PECAS FABBRI LTDA      09022013000000000016300000000000000000000000000000000130220130000000000163000000000000000003724                900004011           09      00        
0330002300024Z70976E173E110DC3F87377E                                         PGTFORNB13022013900004011                                                                                                                               00        
0330002300025J00034191560600000467451128026523570191074004000POLIPECAS COMERCIAL E IMPORTAD11022013000000000046745000000000003272000000000000000130220130000000000434730000000000000003784                900004069           09      00        
0330002300026Z70976E10AAC73428E301AC6                                         PGTFORNB13022013900004069                                                                                                                               00        
0330002300027J00039997560600000863133133525134505313093513001REAL MOTO PECAS LTDA          11022013000000000086313000000000000000000000000000000130220130000000000863130000000000000003785                900004070           09      00        
0330002300028Z70976E16F65B46D70968260                                         PGTFORNB13022013900004070                                                                                                                               00        
0330002300029J00039999560600007971723133524281805313093513001REAL MOTO PECAS LTDA          11022013000000000797172000000000000000000000000000000130220130000000007971720000000000000003786                900004071           09      00        
0330002300030Z70976E171A69ABDB803C9A0                                         PGTFORNB13022013900004071                                                                                                                               00        
0330002300031J00039992560600000702642315395940405313093513001REAL MOTO PECAS LTDA          11022013000000000070264000000000000000000000000000000130220130000000000702640000000000000003787                900004072           09      00        
0330002300032Z70976E1883422750BD9264C                                         PGTFORNB13022013900004072                                                                                                                               00        
0330002300033J00023793560600000153603395061180232894700028140ROCHESTER DISTRIBUIDORA DE AUT11022013000000000015360000000000000000000000000000000130220130000000000153600000000000000003788                900004073           09      00        
0330002300034Z70976E10A70C351EE6C4761                                         PGTFORNB13022013900004073                                                                                                                               00        
0330002300035J00034196560600000245001128045502868513014608000SATTURNO SOROCABA TELEFONIA LT11022013000000000024500000000000000000000000000000000130220130000000000245000000000000000003789                900004074           09      00        
0330002300036Z70976E183BEBEAC0BBE42EC                                         PGTFORNB13022013900004074                                                                                                                               00        
0330002300037J00000197560600000895020000001451450000036328717SK AUTOMOTIVE S/A DISTR AUTOPE11022013000000000089502000000000000000000000000000000130220130000000000895020000000000000003790                900004075           09      00        
0330002300038Z70976E17A129B920BF040C8                                         PGTFORNB13022013900004075                                                                                                                               00        
0330002300039J00000191560600002256120000001451450000036328017SK AUTOMOTIVE S/A DISTR AUTOPE11022013000000000225612000000000000000000000000000000130220130000000002256120000000000000003791                900004076           09      00        
0330002300040Z70976E1CFEAC28D5A0DFF09                                         PGTFORNB13022013900004076                                                                                                                               00        
0330002300041J00000195560600000637650000001453829000005179317SK AUTOMOTIVE S/A DISTR AUTOPE11022013000000000063765000000000000000000000000000000130220130000000000637650000000000000003792                900004077           09      00        
0330002300042Z70976E1339A4F31FDB46A61                                         PGTFORNB13022013900004077                                                                                                                               00        
0330002300043J00000191560600001858010000001451450000036326117SK AUTOMOTIVE S/A DISTR AUTOPE11022013000000000185801000000000000000000000000000000130220130000000001858010000000000000003793                900004078           09      00        
0330002300044Z70976E1D348ED925536A3BD                                         PGTFORNB13022013900004078                                                                                                                               00        
0330002300045J00039991560600000130942200366193103436188842001TIETE VEICULOS S/A            11022013000000000013094000000000000000000000000000000130220130000000000130940000000000000003794                900004079           09      00        
0330002300046Z70976E1E5B7E7B414CF50BA                                         PGTFORNB13022013900004079                                                                                                                               00        
0330002300047J00034198560600000654341128073973211623002571000USIPACK IND E COM LTDA        11022013000000000065434000000000000000000000000000000130220130000000000654340000000000000003795                900004080           09      00        
0330002300048Z70976E1004D412AF5C379EB                                         PGTFORNB13022013900004080                                                                                                                               00        
0330002300049J00039998560400000223993200079408103436080189001COFIPE VEICULOS LTDA          09022013000000000022399000000000000000000000000000000130220130000000000223990000000000000003725                900004012           09      00        
0330002300050Z70976E17F6FCF8EDA061FEB                                         PGTFORNB13022013900004012                                                                                                                               00        
0330002300051J00034199560400001358791127413546282938036635000DAYCO POWER TRANSMISSION      09022013000000000135879000000000000000000000000000000130220130000000001358790000000000000003726                900004013           09      00        
0330002300052Z70976E14A089AF1C3D07AD7                                         PGTFORNB13022013900004013                                                                                                                               00        
0330002300053J00034191560400004094311127254120952938030539000DELPHI AUTOM SYSTEMS BR LTDA  09022013000000000409431000000000000000000000000000000130220130000000004094310000000000000003727                900004014           09      00        
0330002300054Z70976E196C92C7B0CA136BD                                         PGTFORNB13022013900004014                                                                                                                               00        
0330002300055J00034194560400000230421127254119722938030539000DELPHI AUTOM SYSTEMS BR LTDA  09022013000000000023042000000000000000000000000000000130220130000000000230420000000000000003728                900004015           09      00        
0330002300056Z70976E12252A552BF8837B8                                         PGTFORNB13022013900004015                                                                                                                               00        
0330002300057J00034199560400000105451127254120382938030539000DELPHI AUTOM SYSTEMS BR LTDA  09022013000000000010545000000000000000000000000000000130220130000000000105450000000000000003729                900004016           09      00        
0330002300058Z70976E11D211343C71ACEA5                                         PGTFORNB13022013900004016                                                                                                                               00        
0330002300059J00034191560400000126051127254119152938030539000DELPHI AUTOM SYSTEMS BR LTDA  09022013000000000012605000000000000000000000000000000130220130000000000126050000000000000003730                900004017           09      00        
0330002300060Z70976E15218F0FE5EB042D5                                         PGTFORNB13022013900004017                                                                                                                               00        
0330002300061J00034193560400000307771127254120612938030539000DELPHI AUTOM SYSTEMS BR LTDA  09022013000000000030777000000000000000000000000000000130220130000000000307770000000000000003731                900004018           09      00        
0330002300062Z70976E123F230E39D998D77                                         PGTFORNB13022013900004018                                                                                                                               00        
0330002300063J00034192560400000126051127254119492938030539000DELPHI AUTOM SYSTEMS BR LTDA  09022013000000000012605000000000000000000000000000000130220130000000000126050000000000000003732                900004019           09      00        
0330002300064Z70976E122120DB1440E2E72                                         PGTFORNB13022013900004019                                                                                                                               00        
0330002300065J00034192560400000142101127566977132938000052000EATON LTDA                    09022013000000000014210000000000000000000000000000000130220130000000000142100000000000000003733                900004020           09      00        
0330002300066Z70976E1243EB87EF10BCED4                                         PGTFORNB13022013900004020                                                                                                                               00        
0330002300067J00034191560400000758111126874986452938107808000ELIVEL AUTOMOTORES LTDA       09022013000000000075811000000000000000000000000000000130220130000000000758110000000000000003734                900004021           09      00        
0330002300068Z70976E17D7D290A0ECAD9CA                                         PGTFORNB13022013900004021                                                                                                                               00        
0330002300069J00023791560400000658903394090000014077900324600MORELATE DISTRIBUIDORA DE AUTO09022013000000000065890000000000000000000000000000000130220130000000000658900000000000000003735                900004022           09      00        
0330002300070Z70976E1EB690E0529F2A588                                         PGTFORNB13022013900004022                                                                                                                               00        
0330002300071J00023795560400000357112500090256571314600000340ODAPEL DISTRIBUIDORA DE AUTO P09022013000000000035711000000000000000000000000000000130220130000000000357110000000000000003736                900004023           09      00        
0330002300072Z70976E1FE580B9428A566FF                                         PGTFORNB13022013900004023                                                                                                                               00        
0330002300073J00023797560400000275203395061180232892100028140ROCHESTER DISTRIBUIDORA DE AUT09022013000000000027520000000000000000000000000000000130220130000000000275200000000000000003737                900004024           09      00        
0330002300074Z70976E19A5C209058D128EE                                         PGTFORNB13022013900004024                                                                                                                               00        
0330002300075J00023791560400000170313395090000005234800650000SORANA SUL                    09022013000000000017031000000000000000000000000000000130220130000000000170310000000000000003738                900004025           09      00        
0330002300076Z70976E15E49BCFAAB695C6C                                         PGTFORNB13022013900004025                                                                                                                               00        
0330002300077J00034194560400004942991127899172780480001510000SUSIN FRANCESCUTTI METAL LTDA 09022013000000000494299000000000000000000000000000000130220130000000004942990000000000000003739                900004026           09      00        
0330002300078Z70976E146E5F7E97A2C3C64                                         PGTFORNB13022013900004026                                                                                                                               00        
0330002300079J00034197560500000939321571485387926260139677000ABDELNOR II COM COMB LTDA     10022013000000000093932000000000000000000000000000000130220130000000000939320000000000000003740                900004027           09      00        
0330002300080Z70976E1644912C261C454FF                                         PGTFORNB13022013900004027                                                                                                                               00        
0330002300081J00034197560500000070001127948751159107002439000AUTO PECAS CASTRO LTDA        10022013000000000007000000000000000000000000000000000130220130000000000070000000000000000003741                900004028           09      00        
0330002300082Z70976E12A254704FEC0572B                                         PGTFORNB13022013900004028                                                                                                                               00        
0330002300083J00034194560500000107601127502456260076000777000CENTER PECAS FABBRI LTDA      10022013000000000010760000000000000000000000000000000130220130000000000107600000000000000003742                900004029           09      00        
0330002300084Z70976E14110F4CAB83800EB                                         PGTFORNB13022013900004029                                                                                                                               00        
0330002300085J00034191560500000628861127607208162938000052000EATON LTDA                    10022013000000000062886000000000000000000000000000000130220130000000000628860000000000000003743                900004030           09      00        
0330002300086Z70976E15197793778F2DB6D                                         PGTFORNB13022013900004030                                                                                                                               00        
0330002300087J00040996560500013536015267115800100200071471550UNIMED SALTO/ITU COOP TRAB MED10022013000000001353601000000000000000000000000000000130220130000000013536010000000000000003861                900004139           09      00        
0330002300088Z70976E1C91481474F6935E4                                         PGTFORNB13022013900004139                                                                                                                               00        
0330002300089J00034191560500002003231127607206672938000052000EATON LTDA                    10022013000000000200323000000000000000000000000000000130220130000000002003230000000000000003744                900004031           09      00        
0330002300090Z70976E1FBB24826A4E209A1                                         PGTFORNB13022013900004031                                                                                                                               00        
0330002300091J00034194560500000039911127607203452938000052000EATON LTDA                    10022013000000000003991000000000000000000000000000000130220130000000000039910000000000000003745                900004032           09      00        
0330002300092Z70976E17A5A85C67E197095                                         PGTFORNB13022013900004032                                                                                                                               00        
0330002300093J00034197560500001056371090030066850046365078000VIGORITO CAMILOPOLIS          10022013000000000105637000000000000000000000000000000130220130000000001056370000000000000003746                900004033           09      00        
0330002300094Z70976E1CE2E485F31E8155D                                         PGTFORNB13022013900004033                                                                                                                               00        
0330002300095J00034191560500000473061090008348352938050420000ITA PECAS PARA VEIC COM E SERV10022013000000000047306000000000000000000000000000000130220130000000000473060000000000000003747                900004034           09      00        
0330002300096Z70976E180157D5A84B98014                                         PGTFORNB13022013900004034                                                                                                                               00        
0330002300097J00000194560500000117650000001216979443854180031NOVA DISTRIBUIDORA DE VEICULOS10022013000000000011765000000000000000000000000000000130220130000000000117650000000000000003748                900004035           09      00        
0330002300098Z70976E1D21A065F0DAB4689                                         PGTFORNB13022013900004035                                                                                                                               00        
0330002300099J00023793560500000370162500090256571433900000340ODAPEL DISTRIBUIDORA DE AUTO P10022013000000000037016000000000000000000000000000000130220130000000000370160000000000000003749                900004036           09      00        
0330002300100Z70976E189389A7D63BD44C1                                         PGTFORNB13022013900004036                                                                                                                               00        
0330002300101J00000193560500001717140000001291892000004610917VESPOR AUTOMOTIVE DIST DE AUTO10022013000000000171714000000000000000000000000000000130220130000000001717140000000000000003750                900004037           09      00        
0330002300102Z70976E14D287B7352864566                                         PGTFORNB13022013900004037                                                                                                                               00        
0330002300103J00000191560500001229550000001148003000007268317VESPOR AUTOMOTIVE DIST DE AUTO10022013000000000122955000000000000000000000000000000130220130000000001229550000000000000003751                900004038           09      00        
0330002300104Z70976E16065476B63F1A3CD                                         PGTFORNB13022013900004038                                                                                                                               00        
0330002300105J00040991560500001668005267115800100200071474141UNIMED SALTO/ITU COOP TRAB MED10022013000000000166800000000000000000000000000000000130220130000000001668000000000000000003862                900004140           09      00        
0330002300106Z70976E14DE166F434445D6A                                         PGTFORNB13022013900004140                                                                                                                               00        
0330002300107J00034198560500000000001750174817388052145193000SINDICATO DOS EMPREGADOS NO CO10022013000000000070809000000000000000000000000000000130220130000000000708090000000000000003863                900004141           09      00        
0330002300108Z70976E14232CD52477D47FD                                         PGTFORNB13022013900004141                                                                                                                               00        
0330002300109J00034193560500000000001750174817468052145193000SINDICATO DOS EMPREGADOS NO CO10022013000000000015434000000000000000000000000000000130220130000000000154340000000000000003864                900004142           09      00        
0330002300110Z70976E182A580BFCE5DDC91                                         PGTFORNB13022013900004142                                                                                                                               00        
0330002300111J00034191560500000000001750174817128052145193000SINDICATO DOS EMPREGADOS NO CO10022013000000000008325000000000000000000000000000000130220130000000000083250000000000000003865                900004143           09      00        
0330002300112Z70976E1DB58B38A1E802DAA                                         PGTFORNB13022013900004143                                                                                                                               00        
0330002300113J00034191560500000000001750179171038052145193000SINDICATO DOS EMPREGADOS NO CO10022013000000000020733000000000000000000000000000000130220130000000000207330000000000000003866                900004144           09      00        
0330002300114Z70976E1FB3D3AC7EBFAD70A                                         PGTFORNB13022013900004144                                                                                                                               00        
0330002300115J00034196560500000000001750174817208052145193000SINDICATO DOS EMPREGADOS NO CO10022013000000000010863000000000000000000000000000000130220130000000000108630000000000000003867                900004145           09      00        
0330002300116Z70976E11768A84A69ACF3E0                                         PGTFORNB13022013900004145                                                                                                                               00        
0330002300117J00010498560700000000009223380213031200300612098SIND. DOS COND. DE VEICULOS RO12022013000000000002900000000000000000000000000000000130220130000000000029000000000000000003872                900004146           09      00        
0330002300118Z70976E1B78AD50E6945AE1A                                         PGTFORNB13022013900004146                                                                                                                               00        
0330002300119J00023791560700000589272372196600102791800360080TELEFONICA BRASIL S/A         12022013000000000058927000000000000000000000000000000130220130000000000589270000000000000003873                900004147           09      00        
0330002300120Z70976E1368B8EDB922DB5C5                                         PGTFORNB13022013900004147                                                                                                                               00        
0330002300121J00034199000000000301351750457132432938010580000EMPRESA BRASILEIRA DE TELECOMU10022013000000000030135000000000000000000000000000000130220130000000000301350000000000000003874                900004148           09      00        
0330002300122Z70976E176A5CDD195A7DB27                                         PGTFORNB13022013900004148                                                                                                                               00        
0330002300123J00034193560800001422001127871382990076000777000CENTER PECAS FABBRI LTDA      13022013000000000142200000000000000000000000000000000130220130000000001422000000000000000003832                900004115           09      00        
0330002300124Z70976E1C9F6A8B0CB61F939                                         PGTFORNB13022013900004115                                                                                                                               00        
0330002300125J00000191560500000548000000001148003000007268417VESPOR AUTOMOTIVE DIST DE AUTO10022013000000000054800000000000000000000000000000000130220130000000000548000000000000000003752                900004039           09      00        
0330002300126Z70976E177DBF51F60A389DE                                         PGTFORNB13022013900004039                                                                                                                               00        
0330002300127J00039998560600000852461768208747111960078237001BAP AUTOMOTIVA LTDA           11022013000000000085246000000000000000000000000000000130220130000000000852460000000000000003753                900004040           09      00        
0330002300128Z70976E16BE775E4C2E2AF98                                         PGTFORNB13022013900004040                                                                                                                               00        
0330002300129J00034193560600001927481090000101260278067418000CAPITAL EMBALAGENS DESCAT LTDA11022013000000000192748000000000000000000000000000000130220130000000001927480000000000000003754                900004041           09      00        
0330002300130Z70976E13063EF4771F17344                                         PGTFORNB13022013900004041                                                                                                                               00        
0330002300131J00023794560600000252852002061301401239100829680COMERCIAL AUTOMOTIVA S.A.     11022013000000000025285000000000000000000000000000000130220130000000000252850000000000000003755                900004042           09      00        
0330002300132Z70976E1AE2A6A75592EFCA8                                         PGTFORNB13022013900004042                                                                                                                               00        
0330002300133J00034192560600001672161127929802480624085833000COMERCIAL DE AUTO PECAS EMBREP11022013000000000167216000000000000000000000000000000130220130000000001672160000000000000003756                900004043           09      00        
0330002300134Z70976E14E5205CB61C61610                                         PGTFORNB13022013900004043                                                                                                                               00        
0330002300135J00000198560600000358671931721545926590040800017PIRELLI PNEUS S.A             11022013000000000035867000000000000000000000000000000130220130000000000358670000000000000003757                900004044           09      00        
0330002300136Z70976E1626656A54A4B8D49                                         PGTFORNB13022013900004044                                                                                                                               00        
0330002300137J00023798560600000339770138093007000006401370000BBL SISTEMAS OPERACIONAIS LTDA11022013000000000033977000000000000000000000000000000130220130000000000339770000000000000003758                900004045           09      00        
0330002300138Z70976E105827F9DB9C9D365                                         PGTFORNB13022013900004045                                                                                                                               00        
0330002300139J00034195560600000116711127650558042938000052000EATON LTDA                    11022013000000000011671000000000000000000000000000000130220130000000000116710000000000000003759                900004046           09      00        
0330002300140Z70976E1DC940D051DA60292                                         PGTFORNB13022013900004046                                                                                                                               00        
0330002300141J00034191560600000033491127650555722938000052000EATON LTDA                    11022013000000000003349000000000000000000000000000000130220130000000000033490000000000000003760                900004047           09      00        
0330002300142Z70976E1B460AFA1D5107B26                                         PGTFORNB13022013900004047                                                                                                                               00        
0330002300143J00034197560600000181931127091102772938000052000EATON LTDA                    11022013000000000018193000000000000000000000000000000130220130000000000181930000000000000003761                900004048           09      00        
0330002300144Z70976E15B7ED239D4CCF745                                         PGTFORNB13022013900004048                                                                                                                               00        
0330002300145J00034194560600000310621127650555982938000052000EATON LTDA                    11022013000000000031062000000000000000000000000000000130220130000000000310620000000000000003762                900004049           09      00        
0330002300146Z70976E14A4D3F32D2E89A23                                         PGTFORNB13022013900004049                                                                                                                               00        
0330002300147J00034196560600000546771125945721022938107808000ELIVEL AUTOMOTORES LTDA       11022013000000000054677000000000000000000000000000000130220130000000000546770000000000000003763                900004050           09      00        
0330002300148Z70976E178B442BDD8C20C24                                         PGTFORNB13022013900004050                                                                                                                               00        
0330002300149J00034191560600000248491127144766220046365078000FELICIO VIGORITO FILHOS LTDA  11022013000000000024849000000000000000000000000000000130220130000000000248490000000000000003764                900004051           09      00        
0330002300150Z70976E128066715FFAF376E                                         PGTFORNB13022013900004051                                                                                                                               00        
0330002300151J00034192560600002133911127954424770295821649000FREIOS CONTROIL LTDA          11022013000000000213391000000000000000000000000000000130220130000000002133910000000000000003765                900004052           09      00        
0330002300152Z70976E1D9B7A98030DA320F                                         PGTFORNB13022013900004052                                                                                                                               00        
0330002300153J00034198560600017613791127954424850295821649000FREIOS CONTROIL LTDA          11022013000000001761379000000000000000000000000000000130220130000000017613790000000000000003766                900004053           09      00        
0330002300154Z70976E199CCCDF2CE63157E                                         PGTFORNB13022013900004053                                                                                                                               00        
0330002300155J00034191560600000486341090008383492938050420000ITA PECAS PARA VEIC COM E SERV11022013000000000048634000000000000000000000000000000130220130000000000486340000000000000003767                900004054           09      00        
0330002300156Z70976E15DBEFFF9479AB85F                                         PGTFORNB13022013900004054                                                                                                                               00        
0330002300157J00039991560600000121881767511807803280030090001ITAVEMA ITALIA VEICULOS E MAQU11022013000000000012188000000000000000000000000000000130220130000000000121880000000000000003768                900004055           09      00        
0330002300158Z70976E1629CD4798D12266E                                         PGTFORNB13022013900004055                                                                                                                               00        
0330002300159J00000191560600000753080000001292592443196935511K PARTS INDUSTRIA E COMERCIO D11022013000000000075308000000000000000000000000000000130220130000000000753080000000000000003770                900004056           09      00        
0330002300160Z70976E11F4C939FC5F07AE6                                         PGTFORNB13022013900004056                                                                                                                               00        
0330002300161J00023795560600000077003372090000005844900584500MAGGI CAMINHOES LTDA          11022013000000000007700000000000000000000000000000000130220130000000000077000000000000000003771                900004057           09      00        
0330002300162Z70976E1A51FBA43510D95F0                                         PGTFORNB13022013900004057                                                                                                                               00        
0330002300163J00023792560800000491506348093007000112301024500DAYCO POWER TRANSMISSION      13022013000000000049150000000000000000000000000000000130220130000000000491500000000000000003834                900004116           09      00        
0330002300164Z70976E16BC4EB2F3615487F                                         PGTFORNB13022013900004116                                                                                                                               00        
0330002300165J00000196560800009031954584340000000000100006921DB DISTRIBUIDORA DE BATERIAS L13022013000000000903195000000000000000000000000000000130220130000000009031950000000000000003835                900004117           09      00        
0330002300166Z70976E16ADAD32D11A89742                                         PGTFORNB13022013900004117                                                                                                                               00        
0330002300167J00000193560800003985034584340000000000100007021DB DISTRIBUIDORA DE BATERIAS L13022013000000000398503000000000000000000000000000000130220130000000003985030000000000000003836                900004118           09      00        
0330002300168Z70976E1BA05FC25B6AD4A70                                         PGTFORNB13022013900004118                                                                                                                               00        
0330002300169J00039991560800000646943005510750103430712744001DISTRIBUIDORA AUTOMOTIVA S/A  13022013000000000064694000000000000000000000000000000130220130000000000646940000000000000003838                900004119           09      00        
0330002300170Z70976E10455F4A31DDD0373                                         PGTFORNB13022013900004119                                                                                                                               00        
0330002300171J00023791560600000340003372094000204525900400020MAGGI LE NOM AUTOMOTORES LTDA 11022013000000000034000000000000000000000000000000000130220130000000000340000000000000000003772                900004058           09      00        
0330002300172Z70976E12F98F5559564242C                                         PGTFORNB13022013900004058                                                                                                                               00        
0330002300173J00023792560600000253933372097672311589000767230MAGGI VEICULOS LTDA           11022013000000000025393000000000000000000000000000000130220130000000000253930000000000000003773                900004059           09      00        
0330002300174Z70976E171DB048838313180                                         PGTFORNB13022013900004059                                                                                                                               00        
0330002300175J00023793560600002523222028193030000002600375550MASTER SISTEMAS AUTOMOTIVOS LT11022013000000000252322000000000000000000000000000000130220130000000002523220000000000000003774                900004060           09      00        
0330002300176Z70976E1424CD7921D338D8B                                         PGTFORNB13022013900004060                                                                                                                               00        
0330002300177J00023792560600003114672500090256571468700000340ODAPEL DISTRIBUIDORA DE AUTO P11022013000000000311467000000000000000000000000000000130220130000000003114670000000000000003776                900004061           09      00        
0330002300178Z70976E1401B377650FB04AD                                         PGTFORNB13022013900004061                                                                                                                               00        
0330002300179J00023796560600000813592500090256571459000000340ODAPEL DISTRIBUIDORA DE AUTO P11022013000000000081359000000000000000000000000000000130220130000000000813590000000000000003777                900004062           09      00        
0330002300180Z70976E1EFB6CBEA61F6A3B5                                         PGTFORNB13022013900004062                                                                                                                               00        
0330002300181J00023794560600000353402500090256571458700000340ODAPEL DISTRIBUIDORA DE AUTO P11022013000000000035340000000000000000000000000000000130220130000000000353400000000000000003778                900004063           09      00        
0330002300182Z70976E1DFAA8D59EF7B4851                                         PGTFORNB13022013900004063                                                                                                                               00        
0330002300183J00023791560600002315222500090256571458400000340ODAPEL DISTRIBUIDORA DE AUTO P11022013000000000231522000000000000000000000000000000130220130000000002315220000000000000003779                900004064           09      00        
0330002300184Z70976E1B30AF0685F7DB97B                                         PGTFORNB13022013900004064                                                                                                                               00        
0330002300185J00034198000000000000001219837545251012365225000PACAEMBU AUTO PECAS LTDA      11022013000000000197768000000000000000000000000000000130220130000000001977680000000000000003780                900004065           09      00        
0330002300186Z70976E1925985831326A0DC                                         PGTFORNB13022013900004065                                                                                                                               00        
0330002300187J00034191560700000039881750000143228949044674000CENTRO AUTOMOTIVO ITUZAO LTDA 12022013000000000003988000000000000000000000000000000130220130000000000039880000000000000003803                900004088           09      00        
0330002300188Z70976E111601D7CB046D170                                         PGTFORNB13022013900004088                                                                                                                               00        
0330002300189J00023799560700001054563397093032000002600008840CINDUMEL CIA IND DE METAIS E L12022013000000000105456000000000000000000000000000000130220130000000001054560000000000000003804                900004089           09      00        
0330002300190Z70976E1FB76EE5FAB72B4AA                                         PGTFORNB13022013900004089                                                                                                                               00        
0330002300191J00023795560700000096383397093032000002700008840CINDUMEL CIA IND DE METAIS E L12022013000000000009638000000000000000000000000000000130220130000000000096380000000000000003805                900004090           09      00        
0330002300192Z70976E19E049C52C253BC6A                                         PGTFORNB13022013900004090                                                                                                                               00        
0330002300193J00023791560700001674323397093032000002500008840CINDUMEL CIA IND DE METAIS E L12022013000000000167432000000000000000000000000000000130220130000000001674320000000000000003806                900004091           09      00        
0330002300194Z70976E1560385AD48DFFC42                                         PGTFORNB13022013900004091                                                                                                                               00        
0330002300195J00023795560700000049003398190000023162201324600DIBRACAM COMERCIAL LTDA       12022013000000000004900000000000000000000000000000000130220130000000000049000000000000000003807                900004092           09      00        
0330002300196Z70976E1D201409204D1A07C                                         PGTFORNB13022013900004092                                                                                                                               00        
0330002300197J00034191560700000075471127330741432938000052000EATON LTDA                    12022013000000000007547000000000000000000000000000000130220130000000000075470000000000000003808                900004093           09      00        
0330002300198Z70976E155C788DDEEA1ACF9                                         PGTFORNB13022013900004093                                                                                                                               00        
0330002300199J00034198560700000198691127862895232938000052000EATON LTDA                    12022013000000000019869000000000000000000000000000000130220130000000000198690000000000000003809                900004094           09      00        
0330002300200Z70976E1F5166DDE6C4B85A3                                         PGTFORNB13022013900004094                                                                                                                               00        
0330002300201J00034195560700000575231090304457960109276204000GIRANDO COMERCIO DE PECAS LTDA12022013000000000057523000000000000000000000000000000130220130000000000575230000000000000003810                900004095           09      00        
0330002300202Z70976E1F745D1207462B96C                                         PGTFORNB13022013900004095                                                                                                                               00        
0330002300203J00039995560600000502021767595845904540079149001BANCO SOFISA SA               11022013000000000050202000000000000000000000000000000130220130000000000502020000000000000003797                900004082           09      00        
0330002300204Z70976E14122DC4CF81C6046                                         PGTFORNB13022013900004082                                                                                                                               00        
0330002300205J00039992560600000693511767595847504540079149001BANCO SOFISA SA               11022013000000000069351000000000000000000000000000000130220130000000000693510000000000000003798                900004083           09      00        
0330002300206Z70976E1763F4ED7085C168A                                         PGTFORNB13022013900004083                                                                                                                               00        
0330002300207J00039994560600000644651767595846704540079149001BANCO SOFISA SA               11022013000000000064465000000000000000000000000000000130220130000000000644650000000000000003799                900004084           09      00        
0330002300208Z70976E1C975C971FA1FE661                                         PGTFORNB13022013900004084                                                                                                                               00        
0330002300209J00023796000000000000000527060527214013600069550AGROSTAHL SA IND E COM        12022013000000000936320000000000000000000000000000000130220130000000009363200000000000000003800                900004085           09      00        
0330002300210Z70976E19E54F06C0AA7C71D                                         PGTFORNB13022013900004085                                                                                                                               00        
0330002300211J00023791560700000110923371090000833898500719500AVEBRAZ COMERCIO DE VEICULOS E12022013000000000011092000000000000000000000000000000130220130000000000110920000000000000003801                900004086           09      00        
0330002300212Z70976E1D570CF2077840155                                         PGTFORNB13022013900004086                                                                                                                               00        
0330002300213J00034193560700000572501127600304718514325201000BODIPASA BOMBAS DIESEL PAULIST12022013000000000057250000000000000000000000000000000130220130000000000572500000000000000003802                900004087           09      00        
0330002300214Z70976E10F531E787A81A783                                         PGTFORNB13022013900004087                                                                                                                               00        
0330002300215J00034197000000000000001219837548141012365225000PACAEMBU AUTO PECAS LTDA      12022013000000000018810000000000000000000000000000000130220130000000000188100000000000000003811                900004096           09      00        
0330002300216Z70976E125505ADC5A7EAC09                                         PGTFORNB13022013900004096                                                                                                                               00        
0330002300217J00034197560700001830241127770446303048155083000PARQUE DIST SUPRIMENTOS PARA E12022013000000000183024000000000000000000000000000000130220130000000001830240000000000000003812                900004097           09      00        
0330002300218Z70976E10592C2D72FFFF2E2                                         PGTFORNB13022013900004097                                                                                                                               00        
0330002300219J00023794560700000838600151091330290052401251750PECA MAIS COMERCIO DE AUTO PEC12022013000000000083860000000000000000000000000000000130220130000000000838600000000000000003813                900004098           09      00        
0330002300220Z70976E1ACEEB8498E7B1793                                         PGTFORNB13022013900004098                                                                                                                               00        
0330002300221J00034192560700000434501127308225930384625000000PECAS AUTOMOTIVAS ZEENE LTDA  12022013000000000043450000000000000000000000000000000130220130000000000434500000000000000003814                900004099           09      00        
0330002300222Z70976E10810635EE5F69791                                         PGTFORNB13022013900004099                                                                                                                               00        
0330002300223J00039996560700000370008144669113904540096965001PELLEGRINO DISTRIBUIDORA DE AU12022013000000000037000000000000000000000000000000000130220130000000000370000000000000000003815                900004100           09      00        
0330002300224Z70976E1BDBBD4FCA6CEA740                                         PGTFORNB13022013900004100                                                                                                                               00        
0330002300225J00034194560700001790021128161293350191074004000POLIPECAS COMERCIAL E IMPORTAD12022013000000000179002000000000012530000000000000000130220130000000001664720000000000000003816                900004101           09      00        
0330002300226Z70976E168374CCD4427EFD4                                         PGTFORNB13022013900004101                                                                                                                               00        
0330002300227J00039995560700005065333133509830005313093513001REAL MOTO PECAS LTDA          12022013000000000506533000000000000000000000000000000130220130000000005065330000000000000003817                900004102           09      00        
0330002300228Z70976E15F298FC596DA78D2                                         PGTFORNB13022013900004102                                                                                                                               00        
0330002300229J00039991560700000486913133508406605313093513001REAL MOTO PECAS LTDA          12022013000000000048691000000000000000000000000000000130220130000000000486910000000000000003818                900004103           09      00        
0330002300230Z70976E1D8F26FC815E5FCA4                                         PGTFORNB13022013900004103                                                                                                                               00        
0330002300231J00039992560700000514943133515791805313093513001REAL MOTO PECAS LTDA          12022013000000000051494000000000000000000000000000000130220130000000000514940000000000000003819                900004104           09      00        
0330002300232Z70976E1F7BEB28FB7F224EB                                         PGTFORNB13022013900004104                                                                                                                               00        
0330002300233J00023799560700003459232403090000000076400230450UMA UNIAO DE MARCAS AUTOMOTIVA12022013000000000345923000000000000000000000000000000130220130000000003459230000000000000003822                900004105           09      00        
0330002300234Z70976E1DB9F0BC8ACFCF9E0                                         PGTFORNB13022013900004105                                                                                                                               00        
0330002300235J00034191560800000914251128014720476830231038000ALESSANDRO MEDEIROS B EPP     13022013000000000091425000000000000000000000000000000130220130000000000914250000000000000003823                900004106           09      00        
0330002300236Z70976E1828F438D276D179F                                         PGTFORNB13022013900004106                                                                                                                               00        
0330002300237J00000191560800005800530000002373133443842872011ARCA IND E COM IMP E EXPORT   13022013000000000580053000000000000000000000000000000130220130000000005800530000000000000003824                900004107           09      00        
0330002300238Z70976E1B1E5BA08B7A85EF7                                         PGTFORNB13022013900004107                                                                                                                               00        
0330002300239J00034192560800001603851128113310430390497683000AUTIMEX COM IMPORTACAO E EXPOR13022013000000000160385000000000000000000000000000000130220130000000001603850000000000000003825                900004108           09      00        
0330002300240Z70976E16A21882C1E9CB279                                         PGTFORNB13022013900004108                                                                                                                               00        
0330002300241J00039994560800000716631767563059304061860231001CAR CENTRAL DE AUTOPECAS E ROL13022013000000000071663000000000000000000000000000000130220130000000000716630000000000000003826                900004109           09      00        
0330002300242Z70976E1B3604BCACDD3D2BA                                         PGTFORNB13022013900004109                                                                                                                               00        
0330002300243J00039991560800000540711767563056904061860231001CAR CENTRAL DE AUTOPECAS E ROL13022013000000000054071000000000000000000000000000000130220130000000000540710000000000000003827                900004110           09      00        
0330002300244Z70976E10E87E782EFA3BEA1                                         PGTFORNB13022013900004110                                                                                                                               00        
0330002300245J00039994560800000205461767563120404061860231001CAR CENTRAL DE AUTOPECAS E ROL13022013000000000020546000000000000000000000000000000130220130000000000205460000000000000003828                900004111           09      00        
0330002300246Z70976E165ADFC2DE355C2AD                                         PGTFORNB13022013900004111                                                                                                                               00        
0330002300247J00034198560800000048001127871383070076000777000CENTER PECAS FABBRI LTDA      13022013000000000004800000000000000000000000000000000130220130000000000048000000000000000003829                900004112           09      00        
0330002300248Z70976E136410295B9537FF1                                         PGTFORNB13022013900004112                                                                                                                               00        
0330002300249J00034196560800000265001127755885130076000777000CENTER PECAS FABBRI LTDA      13022013000000000026500000000000000000000000000000000130220130000000000265000000000000000003830                900004113           09      00        
0330002300250Z70976E114870590CF01E615                                         PGTFORNB13022013900004113                                                                                                                               00        
0330002300251J00034196560800000352001127755884220076000777000CENTER PECAS FABBRI LTDA      13022013000000000035200000000000000000000000000000000130220130000000000352000000000000000003831                900004114           09      00        
0330002300252Z70976E153FBF20092B28A84                                         PGTFORNB13022013900004114                                                                                                                               00        
0330002300253J00039998560800000368673005510529003430712744001DISTRIBUIDORA AUTOMOTIVA S/A  13022013000000000036867000000000000000000000000000000130220130000000000368670000000000000003844                900004124           09      00        
0330002300254Z70976E1D524DD26DF721060                                         PGTFORNB13022013900004124                                                                                                                               00        
0330002300255J00034196560800000050421127216724862938000052000EATON LTDA                    13022013000000000005042000000000000000000000000000000130220130000000000050420000000000000003845                900004125           09      00        
0330002300256Z70976E1B946862628D2D074                                         PGTFORNB13022013900004125                                                                                                                               00        
0330002300257J00034191560800000137551090304465210109276204000GIRANDO COMERCIO DE PECAS LTDA13022013000000000013755000000000000000000000000000000130220130000000000137550000000000000003846                900004126           09      00        
0330002300258Z70976E17983B00FFFE7D6C6                                         PGTFORNB13022013900004126                                                                                                                               00        
0330002300259J00023792560800001978040086092339000013400170000A FIRMA ASSESSORIA EM COBRANCA13022013000000000197804000000000000000000000000000000130220130000000001978040000000000000003847                900004127           09      00        
0330002300260Z70976E1CD7892170E4F39E9                                         PGTFORNB13022013900004127                                                                                                                               00        
0330002300261J00039998560800000223428144669184804540096965001PELLEGRINO DISTRIBUIDORA DE AU13022013000000000022342000000000000000000000000000000130220130000000000223420000000000000003848                900004128           09      00        
0330002300262Z70976E1866DB34102CFAB68                                         PGTFORNB13022013900004128                                                                                                                               00        
0330002300263J00023798560800000874443484092348000021601129000PETRONAS LUBRIFICANTES BRASIL 13022013000000000087444000000000000000000000000000000130220130000000000874440000000000000003849                900004129           09      00        
0330002300264Z70976E1A1E02D96A5F03240                                         PGTFORNB13022013900004129                                                                                                                               00        
0330002300265J00023791560800003767822724091330300037600071500PIAVE INDUSTRIA E COMERCIO LTD13022013000000000376782000000000000000000000000000000130220130000000003767820000000000000003850                900004130           09      00        
0330002300266Z70976E16F95F3D3FC09A9F3                                         PGTFORNB13022013900004130                                                                                                                               00        
0330002300267J00023795560800000785040545090000029912700705060TONINI DISTRIBUIDORA LTDA     13022013000000000078504000000000000000000000000000000130220130000000000785040000000000000003851                900004131           09      00        
0330002300268Z70976E19A809DDB71A39A26                                         PGTFORNB13022013900004131                                                                                                                               00        
0330002300269J00034191560800003511311127947464808949010469000TSA TECN SIST AUTOM LTDA      13022013000000000351131000000000000000000000000000000130220130000000003511310000000000000003853                900004132           09      00        
0330002300270Z70976E17D992D156321FCB3                                         PGTFORNB13022013900004132                                                                                                                               00        
0330002300271J00034192560800003003101090000219885199147918000UNIBOMBAS IND COM DE AUTOPECAS13022013000000000300310000000000000000000000000000000130220130000000003003100000000000000003854                900004133           09      00        
0330002300272Z70976E1D4488D229F104FD6                                         PGTFORNB13022013900004133                                                                                                                               00        
0330002300273J00023795560800000242261998190000011360700503970VANUCCI IMPORTACAO EXPORT. E C13022013000000000024226000000000000000000000000000000130220130000000000242260000000000000003855                900004134           09      00        
0330002300274Z70976E12C51641DE9A66AB8                                         PGTFORNB13022013900004134                                                                                                                               00        
0330002300275J00034191560500000321231571496385200278483557000AUTO POSTO ESTRADAO DE ITU LTD10022013000000000032123000000000000000000000000000000130220130000000000321230000000000000003857                900004135           09      00        
0330002300276Z70976E1CAB08C15973A9874                                         PGTFORNB13022013900004135                                                                                                                               00        
0330002300277J00000191560600000147300000001555704202000130817VIRTUAL EXPRESS TRANSPORTES E 11022013000000000014730000000000000000000000000000000130220130000000000147300000000000000003858                900004136           09      00        
0330002300278Z70976E1A5F0CF07EB5AED05                                         PGTFORNB13022013900004136                                                                                                                               00        
0330002300279J00000195560700000075001931721547026590040800017PIRELLI PNEUS S.A             12022013000000000007500000000000000000000000000000000130220130000000000075000000000000000003859                900004137           09      00        
0330002300280Z70976E1D17887EFF2DECD3B                                         PGTFORNB13022013900004137                                                                                                                               00        
0330002300281J00034191560500008222431127914266070076004985000UNIMED SOROCABA COOP TRABALHO 10022013000000000822243000000000000000000000000000000130220130000000008222430000000000000003860                900004138           09      00        
0330002300282Z70976E1761C665A219AD659                                         PGTFORNB13022013900004138                                                                                                                               00        
03300025         000284000000000018771281000000000000000000310213                                                                                                                                                                               
03300031C2003031 2054375370001370033006500490028050300065 0000480000414 AUTO GERAL DE ITU LTDA                                                                              00000                                   00000000                    
0330003300001A0007000010292380000000041920 SATTURNO SOROCABA TELEFONIA LT3879                13022013BRL000000000000000000000000026975900003999           13022013000000000026975                                        07          000        
0330003300002B   200106697000180                              00000                                                  00000000  130220130000000000269750000000000000000000000000000000000000000000000000000000000000000                00        
0330003300003Z70976E1D0C3A20F03175A7B                                         PGTFORNB13022013900003999                                                                                                                               00        
0330003300004A0007000010154660000002050374 GERAL PARTS COM PECAS E ABRASI3880                13022013BRL000000000000000000000000100274900004000           13022013000000000100274                                        07          000        
0330003300005B   252472438000176                              00000                                                  00000000  130220130000000001002740000000000000000000000000000000000000000000000000000000000000000                00        
0330003300006Z70976E12E40DEBB431FB3B6                                         PGTFORNB13022013900004000                                                                                                                               00        
0330003300007A0007002370123190000000029912 F.CONFUORTO IND E COM DE PECAS3881                13022013BRL000000000000000000000000331290900004001           13022013000000000331290                                        07          000        
0330003300008B   243024991000155                              00000                                                  00000000  130220130000000003312900000000000000000000000000000000000000000000000000000000000000000                00        
0330003300009Z70976E17D5A36FB59F1D31F                                         PGTFORNB13022013900004001                                                                                                                               00        
03300035         000011000000000000458539000000000000000000030213                                                                                                                                                                               
03399999         000003000327000000                                                                                                                                                                                                             
