03300000         2054375370001370033006500490028050300065 0000480000414 AUTO GERAL DE ITU LTDA        SANTANDER                               21303201302193200026706000000                                                                     
03300011C2030030 2054375370001370033006500490028050300065 0000480000414 AUTO GERAL DE ITU LTDA                                                                              00000                                   00000000                    
0330001300001J00003397563600000504049472544100000001082780104CINPAL CIA IND DE PECAS P/ AUT13032013000000000050404000000000000000000000000000000130320130000000000504040000000000000004826                900005106           09      00        
0330001300002Z70976E15633262DC375DF64                                         PGTFORNB13032013900005106                                                                                                                               00        
0330001300003J00003398563600000502009492147000000000568200104J FREITAS COM IMP E EXP LTDA  13032013000000000050200000000000000000000000000000000130320130000000000502000000000000000004830                900005107           09      00        
0330001300004Z70976E19ACF265BF1CB1549                                         PGTFORNB13032013900005107                                                                                                                               00        
03300015         000006000000000000100604000000000000000000300313                                                                                                                                                                               
03300021C2031030 2054375370001370033006500490028050300065 0000480000414 AUTO GERAL DE ITU LTDA                                                                              00000                                   00000000                    
0330002300001J00023798563600004151482474091130590306900173700ARAMAR PECAS AUTOMOTIVAS LTDA 13032013000000000415148000000000000000000000000000000130320130000000004151480000000000000004823                900005108           09      00        
0330002300002Z70976E17BE40F0DD1493E18                                         PGTFORNB13032013900005108                                                                                                                               00        
0330002300003J00000191563600000181090000001572502000001864017SHARK TRATORES E PECAS LTDA   13032013000000000018109000000000000000000000000000000130320130000000000181090000000000000004834                900005117           09      00        
0330002300004Z70976E1489522D3C5115705                                         PGTFORNB13032013900005117                                                                                                                               00        
0330002300005J00034199563600016074781090000245865199147918000UNIBOMBAS IND COM DE AUTOPECAS13032013000000001607478000000000000000000000000000000130320130000000016074780000000000000004835                900005118           09      00        
0330002300006Z70976E1DF2A9F90CC0BD5F2                                         PGTFORNB13032013900005118                                                                                                                               00        
0330002300007J00000198563600002066400000001291892000004742017VESPOR AUTOMOTIVE DIST DE AUTO13032013000000000206640000000000000000000000000000000130320130000000002066400000000000000004836                900005119           09      00        
0330002300008Z70976E1A9735CCE1FCC1E99                                         PGTFORNB13032013900005119                                                                                                                               00        
0330002300009J00000194563600006018920000001291892000004739917VESPOR AUTOMOTIVE DIST DE AUTO13032013000000000601892000000000000000000000000000000130320130000000006018920000000000000004837                900005120           09      00        
0330002300010Z70976E199B3ACD690C6B777                                         PGTFORNB13032013900005120                                                                                                                               00        
0330002300011J00000193563600001268600000001148003000007425617VESPOR AUTOMOTIVE DIST DE AUTO13032013000000000126860000000000000000000000000000000130320130000000001268600000000000000004838                900005121           09      00        
0330002300012Z70976E1E3AC0B11A38B60CA                                         PGTFORNB13032013900005121                                                                                                                               00        
0330002300013J00000196563600002074520000001148003000007425717VESPOR AUTOMOTIVE DIST DE AUTO13032013000000000207452000000000000000000000000000000130320130000000002074520000000000000004839                900005122           09      00        
0330002300014Z70976E1090CB65D96362071                                         PGTFORNB13032013900005122                                                                                                                               00        
0330002300015J00000194563600000172200000001291892000004740317VESPOR AUTOMOTIVE DIST DE AUTO13032013000000000017220000000000000000000000000000000130320130000000000172200000000000000004840                900005123           09      00        
0330002300016Z70976E1AF54431A92126B13                                         PGTFORNB13032013900005123                                                                                                                               00        
0330002300017J00000198563600001661280000001291892000004738717VESPOR AUTOMOTIVE DIST DE AUTO13032013000000000166128000000000000000000000000000000130320130000000001661280000000000000004841                900005124           09      00        
0330002300018Z70976E1FE97C4464144AA25                                         PGTFORNB13032013900005124                                                                                                                               00        
0330002300019J00034199563600000248841816555761748513014608000SATTURNO SOROCABA TELEFONIA LT13032013000000000024884000000000000000000000000000000130320130000000000248840000000000000004842                900005125           09      00        
0330002300020Z70976E14E492B65E37836CF                                         PGTFORNB13032013900005125                                                                                                                               00        
0330002300021J00023793563600000062003371090000833947000719500AVEBRAZ COMERCIO DE VEICULOS E13032013000000000006200000000000000000000000000000000130320130000000000062000000000000000004824                900005109           09      00        
0330002300022Z70976E125A39E40481EBF4D                                         PGTFORNB13032013900005109                                                                                                                               00        
0330002300023J00034195563600000098501128322647690076000777000CENTER PECAS FABBRI LTDA      13032013000000000009850000000000000000000000000000000130320130000000000098500000000000000004825                900005110           09      00        
0330002300024Z70976E1CE8608B7B64352A1                                         PGTFORNB13032013900005110                                                                                                                               00        
0330002300025J00034195563600000186771090304608600109276204000GIRANDO COMERCIO DE PECAS LTDA13032013000000000018677000000000000000000000000000000130320130000000000186770000000000000004827                900005111           09      00        
0330002300026Z70976E19208C1CE7C46D2C4                                         PGTFORNB13032013900005111                                                                                                                               00        
0330002300027J00034191563600000061631090304608780109276204000GIRANDO COMERCIO DE PECAS LTDA13032013000000000006163000000000000000000000000000000130320130000000000061630000000000000004828                900005112           09      00        
0330002300028Z70976E15FAD32CC2526E2E5                                         PGTFORNB13032013900005112                                                                                                                               00        
0330002300029J00034195563600000175551090304608860109276204000GIRANDO COMERCIO DE PECAS LTDA13032013000000000017555000000000000000000000000000000130320130000000000175550000000000000004829                900005113           09      00        
0330002300030Z70976E1E29B71033EBA928D                                         PGTFORNB13032013900005113                                                                                                                               00        
0330002300031J00000193563600000753070000001292592443196935611K PARTS INDUSTRIA E COMERCIO D13032013000000000075307000000000000000000000000000000130320130000000000753070000000000000004831                900005114           09      00        
0330002300032Z70976E1F84BC949B3584EA9                                         PGTFORNB13032013900005114                                                                                                                               00        
0330002300033J00023791563600004167101449093066000001100486600MICHAEL SANTOS DA SILVA PECAS 13032013000000000416710000000000000000000000000000000130320130000000004167100000000000000004832                900005115           09      00        
0330002300034Z70976E1E564AF823275848C                                         PGTFORNB13032013900005115                                                                                                                               00        
0330002300035J00023796563600000583243484093044000052801129000PETRONAS LUBRIFICANTES BRASIL 13032013000000000058324000000000000000000000000000000130320130000000000583240000000000000004833                900005116           09      00        
0330002300036Z70976E12D9D4C6242A79D2B                                         PGTFORNB13032013900005116                                                                                                                               00        
03300025         000038000000000004000597000000000000000000310313                                                                                                                                                                               
03300031C2003031 2054375370001370033006500490028050300065 0000480000414 AUTO GERAL DE ITU LTDA                                                                              00000                                   00000000                    
0330003300001A0007000010154660000002050374 GERAL PARTS COM PECAS E ABRASI4843                13032013BRL000000000000000000000000036888900005105           13032013000000000036888                                        07          000        
0330003300002B   252472438000176                              00000                                                  00000000  130320130000000000368880000000000000000000000000000000000000000000000000000000000000000                00        
0330003300003Z70976E16AC15F36E9B9650A                                         PGTFORNB13032013900005105                                                                                                                               00        
03300035         000005000000000000036888000000000000000000030313                                                                                                                                                                               
03399999         000003000051000000                                                                                                                                                                                                             
