03300000         2054375370001370033006500490028050300065 0000480000414 AUTO GERAL DE ITU LTDA        SANTANDER                               21611201203121900004706000000                                                                     
03300011C2030030 2054375370001370033006500490028050300065 0000480000414 AUTO GERAL DE ITU LTDA                                                                              00000                                   00000000                    
0330001300001J00003397551800000574009421259200000000362500101GUMP MOTORS COMP AUTOM LTDA   1511201200000000005740000000000000000000000000000000016112012000000000057400000000000000000797                 900001077           09      00        
0330001300002Z70976E1B968F890427F3B37                                         PGTFORNB16112012900001077                                                                                                                               00        
0330001300003J00035692551900000234390689070323490000004889402DISTRIBUIDORA ATOMOTIVA S.A   1611201200000000002343900000000000000000000000000000016112012000000000023439000000000000000820                 900001113           09      00        
0330001300004Z70976E132813A749DCE9D01                                         PGTFORNB16112012900001113                                                                                                                               00        
0330001300005J00003395551900002721549482966200000020746300104CAR CENTRAL DE AUTOPECAS E ROL1611201200000000027215400000000000000000000000000000016112012000000000272154000000000000000809                 900001078           09      00        
0330001300006Z70976E1D58CC70ACDC8FB5D                                         PGTFORNB16112012900001078                                                                                                                               00        
0330001300007J00003398551900001064049482966200000021155140104CAR CENTRAL DE AUTOPECAS E ROL1611201200000000010640400000000000000000000000000000016112012000000000106404000000000000000810                 900001079           09      00        
0330001300008Z70976E1B49CD773973A2D7F                                         PGTFORNB16112012900001079                                                                                                                               00        
0330001300009J00003399551900000621269482966200000020747700104CAR CENTRAL DE AUTOPECAS E ROL1611201200000000006212600000000000000000000000000000016112012000000000062126000000000000000811                 900001080           09      00        
0330001300010Z70976E1B16E4A294028F986                                         PGTFORNB16112012900001080                                                                                                                               00        
0330001300011J00003392551900001459149482966200000020747450104CAR CENTRAL DE AUTOPECAS E ROL1611201200000000014591400000000000000000000000000000016112012000000000145914000000000000000812                 900001081           09      00        
0330001300012Z70976E1618DA244FE50B4D0                                         PGTFORNB16112012900001081                                                                                                                               00        
0330001300013J00003391551800001596009128344800001000358250101RADIO CIDADE DE ITU LTDA      1511201200000000015960000000000000000000000000000000016112012000000000159600000000000000000839                 900001082           09      00        
0330001300014Z70976E10B6FFBE9B7C98906                                         PGTFORNB16112012900001082                                                                                                                               00        
0330001300015J00003391551800001625009126436200000010100000102NOVA RADIO REGIONAL LTDA      1511201200000000016250000000000000000000000000000000016112012000000000162500000000000000000841                 900001083           09      00        
0330001300016Z70976E16984A5B2E113C8B1                                         PGTFORNB16112012900001083                                                                                                                               00        
03300015         000018000000000000989537000000000000000000301116                                                                                                                                                                               
03300021C2031030 2054375370001370033006500490028050300065 0000480000414 AUTO GERAL DE ITU LTDA                                                                              00000                                   00000000                    
0330002300001J00023798551800000225233371090000833661900719500AVEBRAZ COM DE VEIC E PECAS LT1511201200000000002252300000000000000000000000000000016112012000000000022523000000000000000786                 900001084           09      00        
0330002300002Z70976E16F5357E2FAB12063                                         PGTFORNB16112012900001084                                                                                                                               00        
0330002300003J00034195551800002354501570247595840513635268000OPPORTUNITY COMUN MARK LTDA   1511201200000000023545000000000000000000000000000000016112012000000000235450000000000000000846                 900001137           09      00        
0330002300004Z70976E165943EC5471C5362                                         PGTFORNB16112012900001137                                                                                                                               00        
0330002300005J00034193551800000581861570247512500513635268000OPPORTUNITY COMUN MARK LTDA   1511201200000000005818600000000000000000000000000000016112012000000000058186000000000000000847                 900001138           09      00        
0330002300006Z70976E168F5083784D0BE1F                                         PGTFORNB16112012900001138                                                                                                                               00        
0330002300007J00034199551800004148811124934554582938012875000INDUSTRIAS ROMI SA            1511201200000000041488100000000000000000000000000000016112012000000000414881000000000000000848                 900001139           09      00        
0330002300008Z70976E1F79766493A8C1B74                                         PGTFORNB16112012900001139                                                                                                                               00        
0330002300009J00034191551800004148811124934319622938012875000INDUSTRIAS ROMI SA            1511201200000000041488100000000000000000000000000000016112012000000000414881000000000000000849                 900001140           09      00        
0330002300010Z70976E1EFE02B9038A45CC1                                         PGTFORNB16112012900001140                                                                                                                               00        
0330002300011J00034198551900000473541124332422892938000052000EATON  LTDA                   1611201200000000004735400000000000000000000000000000016112012000000000047354000000000000000821                 900001114           09      00        
0330002300012Z70976E178B38EC3F0348D87                                         PGTFORNB16112012900001114                                                                                                                               00        
0330002300013J00034191551900000217271124714851472938000052000EATON  LTDA                   1611201200000000002172700000000000000000000000000000016112012000000000021727000000000000000822                 900001115           09      00        
0330002300014Z70976E10F215B8C8CB6C81D                                         PGTFORNB16112012900001115                                                                                                                               00        
0330002300015J00034199551900000083701124714853112938000052000EATON  LTDA                   1611201200000000000837000000000000000000000000000000016112012000000000008370000000000000000823                 900001116           09      00        
0330002300016Z70976E1E21754063839BB8C                                         PGTFORNB16112012900001116                                                                                                                               00        
0330002300017J00023796551800000707612002061201369606100829680COMERCIAL AUTOMOTIVA SA       1511201200000000007076100000000000000000000000000000016112012000000000070761000000000000000787                 900001085           09      00        
0330002300018Z70976E14B7123879D509B84                                         PGTFORNB16112012900001085                                                                                                                               00        
0330002300019J00034192551800000060801125112460950076000777000CENTER PECAS FABBRI LTDA      1511201200000000000608000000000000000000000000000000016112012000000000006080000000000000000788                 900001086           09      00        
0330002300020Z70976E14AFB5EF42D5E78EB                                         PGTFORNB16112012900001086                                                                                                                               00        
0330002300021J00023795551800010146703396092272000000300008270CINPAL CIA IND DE PECAS P/ AUT1511201200000000101467000000000000000000000000000000016112012000000001014670000000000000000789                 900001087           09      00        
0330002300022Z70976E12F7E40A8617B9A70                                         PGTFORNB16112012900001087                                                                                                                               00        
0330002300023J00023791551800000840233262090000027165500935470COMDIP COML DISTR DE PECAS LTD1511201200000000008402300000000000000000000000000000016112012000000000084023000000000000000790                 900001088           09      00        
0330002300024Z70976E118F46767369049F4                                         PGTFORNB16112012900001088                                                                                                                               00        
0330002300025J00034199551900000073881124714913922938000052000EATON  LTDA                   1611201200000000000738800000000000000000000000000000016112012000000000007388000000000000000824                 900001117           09      00        
0330002300026Z70976E196D2565F6B920548                                         PGTFORNB16112012900001117                                                                                                                               00        
0330002300027J00034191551900000214581124234410323184597502000UNIVERSAL AUTOMOTIVE SYSTEMS  1611201200000000002145800000000000000000000000000000016112012000000000021458000000000000000838                 900001131           09      00        
0330002300028Z70976E1154433FD3BBCD416                                         PGTFORNB16112012900001131                                                                                                                               00        
0330002300029J00034191551900000067961125148970502938000052000EATON  LTDA                   1611201200000000000679600000000000000000000000000000016112012000000000006796000000000000000825                 900001118           09      00        
0330002300030Z70976E1A769A641EA78C79F                                         PGTFORNB16112012900001118                                                                                                                               00        
0330002300031J00034191551900000658921124332416952938000052000EATON  LTDA                   1611201200000000006589200000000000000000000000000000016112012000000000065892000000000000000826                 900001119           09      00        
0330002300032Z70976E1CDB15CBBD6AD0095                                         PGTFORNB16112012900001119                                                                                                                               00        
0330002300033J00034198551900000209691124714912852938000052000EATON  LTDA                   1611201200000000002096900000000000000000000000000000016112012000000000020969000000000000000827                 900001120           09      00        
0330002300034Z70976E1F007DFA803E2B405                                         PGTFORNB16112012900001120                                                                                                                               00        
0330002300035J00023799551800002520002698091123100202400064240RADIO MODELO FM LTDA          1511201200000000025200000000000000000000000000000000016112012000000000252000000000000000000840                 900001132           09      00        
0330002300036Z70976E151528BD738CF4615                                         PGTFORNB16112012900001132                                                                                                                               00        
0330002300037J00023793551800002327433384060000009070103001430TV RECORD DE BAURU LTDA       1511201200000000023274300000000000000000000000000000016112012000000000232743000000000000000842                 900001133           09      00        
0330002300038Z70976E1676159EE5794ADE0                                         PGTFORNB16112012900001133                                                                                                                               00        
0330002300039J00034192551800002720001090001206400076635200000TV ALIANCA PAULISTA SA        1511201200000000027200000000000000000000000000000000016112012000000000272000000000000000000843                 900001134           09      00        
0330002300040Z70976E186F0C68E878EF1BD                                         PGTFORNB16112012900001134                                                                                                                               00        
0330002300041J00034193551800009418521090001217050076635200000TV ALIANCA PAULISTA SA        1511201200000000094185200000000000000000000000000000016112012000000000941852000000000000000844                 900001135           09      00        
0330002300042Z70976E15993871031A0D966                                         PGTFORNB16112012900001135                                                                                                                               00        
0330002300043J00023791551900000593762002192292000031800001270INDUSTRIAS ROMI SA            1611201200000000005937600000000000000000000000000000016112012000000000059376000000000000000850                 900001141           09      00        
0330002300044Z70976E16A95F7EBEFD57839                                         PGTFORNB16112012900001141                                                                                                                               00        
0330002300045J00023795551900000593762002192292000348200001270INDUSTRIAS ROMI SA            1611201200000000005937600000000000000000000000000000016112012000000000059376000000000000000851                 900001142           09      00        
0330002300046Z70976E1A2409E386BC35204                                         PGTFORNB16112012900001142                                                                                                                               00        
0330002300047J00039998551900001275282400405665106573205239001RODONAVES TRANSP E ENCOMENDAS 1611201200000000012752800000000000000000000000000000016112012000000000127528000000000000000852                 900001143           09      00        
0330002300048Z70976E1D5B235E2204BB00B                                         PGTFORNB16112012900001143                                                                                                                               00        
0330002300049J00039993551900000080162400405666006573205239001RODONAVES TRANSP E ENCOMENDAS 1611201200000000000801600000000000000000000000000000016112012000000000008016000000000000000853                 900001144           09      00        
0330002300050Z70976E1998A1CC80325933D                                         PGTFORNB16112012900001144                                                                                                                               00        
0330002300051J00034199551900001261001090004996650265613802000PUBLICIDADE KLIMES SAO PAULO L1611201200000000012610000000000000000000000000000000016112012000000000126100000000000000000854                 900001145           09      00        
0330002300052Z70976E199F55057E63B9E99                                         PGTFORNB16112012900001145                                                                                                                               00        
0330002300053J00075697551900000944151319102003307301891631001AUTO POSTO REI DA CASTELO PORT1611201200000000009441500000000000000000000000000000016112012000000000094415000000000000000855                 900001146           09      00        
0330002300054Z70976E18950EC900F9D030D                                         PGTFORNB16112012900001146                                                                                                                               00        
0330002300055J00034191551900000358831090304019970109276204000GIRANDO COMERCIO DE PECAS LTDA1611201200000000003588300000000000000000000000000000016112012000000000035883000000000000000828                 900001121           09      00        
0330002300056Z70976E1061123DD9305534C                                         PGTFORNB16112012900001121                                                                                                                               00        
0330002300057J00034191551900000428951090304023830109276204000GIRANDO COMERCIO DE PECAS LTDA1611201200000000004289500000000000000000000000000000016112012000000000042895000000000000000829                 900001122           09      00        
0330002300058Z70976E17CC9DC6FEE022759                                         PGTFORNB16112012900001122                                                                                                                               00        
0330002300059J00034194551900000253991090304023750109276204000GIRANDO COMERCIO DE PECAS LTDA1611201200000000002539900000000000000000000000000000016112012000000000025399000000000000000830                 900001123           09      00        
0330002300060Z70976E1CF20D02A596F86EE                                         PGTFORNB16112012900001123                                                                                                                               00        
0330002300061J00034191551900000519071090304024330109276204000GIRANDO COMERCIO DE PECAS LTDA1611201200000000005190700000000000000000000000000000016112012000000000051907000000000000000831                 900001124           09      00        
0330002300062Z70976E165849F42FC289364                                         PGTFORNB16112012900001124                                                                                                                               00        
0330002300063J00034191551900000373171090007747832938050420000ITA PECAS PARA VEIC COM E SERV1611201200000000003731700000000000000000000000000000016112012000000000037317000000000000000832                 900001125           09      00        
0330002300064Z70976E132E3F77698E5C0F7                                         PGTFORNB16112012900001125                                                                                                                               00        
0330002300065J00000198551900000607910441634965328150001150031JANCAP COMERCIO IMPORTACAO E E1611201200000000006079100000000000000000000000000000016112012000000000060791000000000000000833                 900001126           09      00        
0330002300066Z70976E1C6F3D2E4A80A442B                                         PGTFORNB16112012900001126                                                                                                                               00        
0330002300067J00023793551900000409033484092261000012401129000PETRONAS LUBRIFICANTES BRASIL 1611201200000000004090300000000000000000000000000000016112012000000000040903000000000000000834                 900001127           09      00        
0330002300068Z70976E169D5ABF5041FB93D                                         PGTFORNB16112012900001127                                                                                                                               00        
0330002300069J00034196551900000521501125009797060384625000000PECAS AUTOMOTIVAS ZEENE LTDA  1611201200000000005215000000000000000000000000000000016112012000000000052150000000000000000835                 900001128           09      00        
0330002300070Z70976E14FAF29711959E2A1                                         PGTFORNB16112012900001128                                                                                                                               00        
0330002300071J00039994551900001443462053159759205313093513001REAL MOTO PECAS LTDA          1611201200000000014434600000000000000000000000000000016112012000000000144346000000000000000836                 900001129           09      00        
0330002300072Z70976E126D189BB317CB1FC                                         PGTFORNB16112012900001129                                                                                                                               00        
0330002300073J00039991551900003002432053159191805313093513001REAL MOTO PECAS LTDA          1611201200000000030024300000000000000000000000000000016112012000000000300243000000000000000837                 900001130           09      00        
0330002300074Z70976E1D386A7A0729C20AE                                         PGTFORNB16112012900001130                                                                                                                               00        
0330002300075J00023798551800000475273262090000028514300935470COMDIP COML DISTR DE PECAS LTD1511201200000000004752700000000000000000000000000000016112012000000000047527000000000000000791                 900001089           09      00        
0330002300076Z70976E1829BD6735FB39D5C                                         PGTFORNB16112012900001089                                                                                                                               00        
0330002300077J00023791551800000481563262090000030075700935470COMDIP COML DISTR DE PECAS LTD1511201200000000004815600000000000000000000000000000016112012000000000048156000000000000000792                 900001090           09      00        
0330002300078Z70976E1C329B3DC085E2661                                         PGTFORNB16112012900001090                                                                                                                               00        
0330002300079J00023792551800000350473262090000028505800935470COMDIP COML DISTR DE PECAS LTD1511201200000000003504700000000000000000000000000000016112012000000000035047000000000000000793                 900001091           09      00        
0330002300080Z70976E12D764D7F712E38CD                                         PGTFORNB16112012900001091                                                                                                                               00        
0330002300081J00023794551800000302730138092271000001601453000OBB CONSULTORIA E PARTICIPACOE1511201200000000003027300000000000000000000000000000016112012000000000030273000000000000000794                 900001092           09      00        
0330002300082Z70976E1D64B75667A0204AE                                         PGTFORNB16112012900001092                                                                                                                               00        
0330002300083J00034197551800000080281124678788002938000052000EATON LTDA                    1511201200000000000802800000000000000000000000000000016112012000000000008028000000000000000795                 900001093           09      00        
0330002300084Z70976E1BA13ECA6111CA462                                         PGTFORNB16112012900001093                                                                                                                               00        
0330002300085J00034193551800001088521124191927220046365078000FELICIO VIGORITO FILHOS LTDA  1511201200000000010885200000000000000000000000000000016112012000000000108852000000000000000796                 900001094           09      00        
0330002300086Z70976E16A886479D990FD8D                                         PGTFORNB16112012900001094                                                                                                                               00        
0330002300087J00023796551800001951123391020007156913500010210INTERSMART COM IMP EXP EQUIP E1511201200000000019511200000000000000000000000000000016112012000000000195112000000000000000798                 900001095           09      00        
0330002300088Z70976E11947654AAF3C9765                                         PGTFORNB16112012900001095                                                                                                                               00        
0330002300089J00034194551800003025721125712137201446685057000KT COMP AUTOMOTIVOS LTDA      1511201200000000030257200000000000000000000000000000016112012000000000302572000000000000000799                 900001096           09      00        
0330002300090Z70976E19958077C7F83225A                                         PGTFORNB16112012900001096                                                                                                                               00        
0330002300091J00034191551800001066001124190139850202548665000PIPO COM PECAS ROLAMENTOS LTDA1511201200000000010660000000000000000000000000000000016112012000000000106600000000000000000800                 900001097           09      00        
0330002300092Z70976E19F1324629610C308                                         PGTFORNB16112012900001097                                                                                                                               00        
0330002300093J00034191551800000680001570247724390513635268000OPPORTUNITY COMUN MARK LTDA   1511201200000000006800000000000000000000000000000000016112012000000000068000000000000000000845                 900001136           09      00        
0330002300094Z70976E1DE78F10F0B00058F                                         PGTFORNB16112012900001136                                                                                                                               00        
0330002300095J00039991551800000566202053157747805313093513001REAL MOTO PECAS LTDA          1511201200000000005662000000000000000000000000000000016112012000000000056620000000000000000801                 900001098           09      00        
0330002300096Z70976E195632F933B8E883A                                         PGTFORNB16112012900001098                                                                                                                               00        
0330002300097J00000197551800000241570000001244482976000610017RENOVA AUTO PECAS LTDA ME     1511201200000000002415700000000000000000000000000000016112012000000000024157000000000000000802                 900001099           09      00        
0330002300098Z70976E135D6E7479A23B0C5                                         PGTFORNB16112012900001099                                                                                                                               00        
0330002300099J00023794551800000439023395061180232805800028140ROCHESTER DISTR DE AUTOPECAS S1511201200000000004390200000000000000000000000000000016112012000000000043902000000000000000803                 900001100           09      00        
0330002300100Z70976E17489DE51B63C8097                                         PGTFORNB16112012900001100                                                                                                                               00        
0330002300101J00000191551800000241570000001244482993004956017RPT DISTR DE AUTO PCS         1511201200000000002415700000000000000000000000000000016112012000000000024157000000000000000804                 900001101           09      00        
0330002300102Z70976E129AB6EB6B33DEC77                                         PGTFORNB16112012900001101                                                                                                                               00        
0330002300103J00000198551800000330280000001244482993005356717RPT DISTR DE AUTO PCS         1511201200000000003302800000000000000000000000000000016112012000000000033028000000000000000805                 900001102           09      00        
0330002300104Z70976E152188FBBA07DF50B                                         PGTFORNB16112012900001102                                                                                                                               00        
0330002300105J00023793551800000785070545090000029912400705060TONINI DISTRIBUIDORA LTDA     1511201200000000007850700000000000000000000000000000016112012000000000078507000000000000000806                 900001103           09      00        
0330002300106Z70976E1F918626EFC186B3F                                         PGTFORNB16112012900001103                                                                                                                               00        
0330002300107J00023791551900000882003316190000001035700088700AGRAMDIESEL COM IMP E EXP LTDA1611201200000000008820000000000000000000000000000000016112012000000000088200000000000000000807                 900001104           09      00        
0330002300108Z70976E1C283AF7E6F135D06                                         PGTFORNB16112012900001104                                                                                                                               00        
0330002300109J00023799551900000969003114091293416614501763000BANCO SAFRA S/A               1611201200000000009690000000000000000000000000000000016112012000000000096900000000000000000808                 900001105           09      00        
0330002300110Z70976E124604BD97064DCC7                                         PGTFORNB16112012900001105                                                                                                                               00        
0330002300111J00034191551900000099501125112460460076000777000CENTER PECAS FABBRI LTDA      1611201200000000000995000000000000000000000000000000016112012000000000009950000000000000000813                 900001106           09      00        
0330002300112Z70976E14E3769F9784A690C                                         PGTFORNB16112012900001106                                                                                                                               00        
0330002300113J00034191551900000033001125112460530076000777000CENTER PECAS FABBRI LTDA      1611201200000000000330000000000000000000000000000000016112012000000000003300000000000000000814                 900001107           09      00        
0330002300114Z70976E17771CEDD76EB4BCB                                         PGTFORNB16112012900001107                                                                                                                               00        
0330002300115J00023794551900000759403262090000029333500935470COMDIP COMERCIAL DISTR DE PECA1611201200000000007594000000000000000000000000000000016112012000000000075940000000000000000815                 900001108           09      00        
0330002300116Z70976E152CFBB52B3E4C836                                         PGTFORNB16112012900001108                                                                                                                               00        
0330002300117J00034191551900000617811570320710654522114471000COML NV MILLENNIUN A P LT EPP 1611201200000000006178100000000000308900000000000000016112012000000000058692000000000000000816                 900001109           09      00        
0330002300118Z70976E1986AB246AFD32EC5                                         PGTFORNB16112012900001109                                                                                                                               00        
0330002300119J00034196551900006251381124512998492938036635000DAYCO POWER TRANSMISSION      1611201200000000062513800000000000000000000000000000016112012000000000625138000000000000000817                 900001110           09      00        
0330002300120Z70976E1CDFE43651028B819                                         PGTFORNB16112012900001110                                                                                                                               00        
0330002300121J00034191551900000586161124264538362938030539000DELPHI  AUTOM SYSTEMS BR LTDA 1611201200000000005861600000000000000000000000000000016112012000000000058616000000000000000818                 900001111           09      00        
0330002300122Z70976E135834899BFB3477D                                         PGTFORNB16112012900001111                                                                                                                               00        
0330002300123J00034199551900002910221124264538932938030539000DELPHI  AUTOM SYSTEMS BR LTDA 1611201200000000029102200000000000000000000000000000016112012000000000291022000000000000000819                 900001112           09      00        
0330002300124Z70976E1452E6E8C7415BBE6                                         PGTFORNB16112012900001112                                                                                                                               00        
03300025         000126000000000008004945000000000000000000311116                                                                                                                                                                               
03300031C2003031 2054375370001370033006500490028050300065 0000480000414 AUTO GERAL DE ITU LTDA                                                                              00000                                   00000000                    
0330003300001A0007002370123190000000029912 F.CONFUORTO IND E COM DE PECAS856                 16112012BRL000000000000000000000000087389900001076           16112012000000000087389                                        07          000        
0330003300002B   243024991000155                              00000                                                  00000000  161120120000000000873890000000000000000000000000000000000000000000000000000000000000000                00        
0330003300003Z70976E1B43F712587BD7F29                                         PGTFORNB16112012900001076                                                                                                                               00        
03300035         000005000000000000087389000000000000000000031116                                                                                                                                                                               
03399999         000003000151000000                                                                                                                                                                                                             
