03300000         2054375370001370033006500490028050300065 0000480000414 AUTO GERAL DE ITU LTDA        BANCO SANTANDER                         21411201214130200003106000000                                        G4016PF00528                 
03300011C2003031 2054375370001370033006500490028050300065 0000480000414 AUTO GERAL DE ITU LTDA                                                AV DR OCTAVIANO PEREIRA MENDES01333               ITU                 13301000SP                  
0330001300001A0007002370123190000000029912 F.CONFUORTO IND E COM DE PECAS856                 16112012BRL000000000000000000000000087389900001076           00000000000000000000000                                        07          0BD        
0330001300002B   243024991000155                              00000                                                  00000000  151120120000000000873890000000000000000000000000000000000000000000000000000000000000000           00000          
03300015         000004000000000000087389000000000000000000                                                                                                                                                                                     
03300021C2030030 205437537000137003300650049002805030006550000480000414 AUTO GERAL DE ITU LTDA                                                AV DR OCTAVIANO PEREIRA MENDES01333               ITU                 13301000SP                  
0330002300001J00003397551800000574009421259200000000362500101GUMP MOTORS COMP AUTOM LTDA   1511201200000000005740000000000000000000000000000000016112012000000000057400000000000000000797                 900001077           00      BD        
0330002300002J00003395551900002721549482966200000020746300104CAR CENTRAL DE AUTOPECAS E ROL1611201200000000027215400000000000000000000000000000016112012000000000272154000000000000000809                 900001078           00      BD        
0330002300003J00003398551900001064049482966200000021155140104CAR CENTRAL DE AUTOPECAS E ROL1611201200000000010640400000000000000000000000000000016112012000000000106404000000000000000810                 900001079           00      BD        
0330002300004J00003399551900000621269482966200000020747700104CAR CENTRAL DE AUTOPECAS E ROL1611201200000000006212600000000000000000000000000000016112012000000000062126000000000000000811                 900001080           00      BD        
0330002300005J00003392551900001459149482966200000020747450104CAR CENTRAL DE AUTOPECAS E ROL1611201200000000014591400000000000000000000000000000016112012000000000145914000000000000000812                 900001081           00      BD        
0330002300006J00003391551800001596009128344800001000358250101RADIO CIDADE DE ITU LTDA      1511201200000000015960000000000000000000000000000000016112012000000000159600000000000000000839                 900001082           00      BD        
0330002300007J00003391551800001625009126436200000010100000102NOVA RADIO REGIONAL LTDA      1511201200000000016250000000000000000000000000000000016112012000000000162500000000000000000841                 900001083           00      BD        
03300025         000009000000000000966098000000000000000000                                                                                                                                                                                     
03300031C2031030 205437537000137003300650049002805030006550000480000414 AUTO GERAL DE ITU LTDA                                                AV DR OCTAVIANO PEREIRA MENDES01333               ITU                 13301000SP                  
0330003300001J00023798551800000225233371090000833661900719500AVEBRAZ COM DE VEIC E PECAS LT1511201200000000002252300000000000000000000000000000016112012000000000022523000000000000000786                 900001084           00      BD        
0330003300002J00023796551800000707612002061201369606100829680COMERCIAL AUTOMOTIVA SA       1511201200000000007076100000000000000000000000000000016112012000000000070761000000000000000787                 900001085           00      BD        
0330003300003J00034192551800000060801125112460950076000777000CENTER PECAS FABBRI LTDA      1511201200000000000608000000000000000000000000000000016112012000000000006080000000000000000788                 900001086           00      BD        
0330003300004J00023795551800010146703396092272000000300008270CINPAL CIA IND DE PECAS P/ AUT1511201200000000101467000000000000000000000000000000016112012000000001014670000000000000000789                 900001087           00      BD        
0330003300005J00023791551800000840233262090000027165500935470COMDIP COML DISTR DE PECAS LTD1511201200000000008402300000000000000000000000000000016112012000000000084023000000000000000790                 900001088           00      BD        
0330003300006J00023798551800000475273262090000028514300935470COMDIP COML DISTR DE PECAS LTD1511201200000000004752700000000000000000000000000000016112012000000000047527000000000000000791                 900001089           00      BD        
0330003300007J00023791551800000481563262090000030075700935470COMDIP COML DISTR DE PECAS LTD1511201200000000004815600000000000000000000000000000016112012000000000048156000000000000000792                 900001090           00      BD        
0330003300008J00023792551800000350473262090000028505800935470COMDIP COML DISTR DE PECAS LTD1511201200000000003504700000000000000000000000000000016112012000000000035047000000000000000793                 900001091           00      BD        
0330003300009J00023794551800000302730138092271000001601453000OBB CONSULTORIA E PARTICIPACOE1511201200000000003027300000000000000000000000000000016112012000000000030273000000000000000794                 900001092           00      BD        
0330003300010J00034197551800000080281124678788002938000052000EATON LTDA                    1511201200000000000802800000000000000000000000000000016112012000000000008028000000000000000795                 900001093           00      BD        
0330003300011J00034193551800001088521124191927220046365078000FELICIO VIGORITO FILHOS LTDA  1511201200000000010885200000000000000000000000000000016112012000000000108852000000000000000796                 900001094           00      BD        
0330003300012J00023796551800001951123391020007156913500010210INTERSMART COM IMP EXP EQUIP E1511201200000000019511200000000000000000000000000000016112012000000000195112000000000000000798                 900001095           00      BD        
0330003300013J00034194551800003025721125712137201446685057000KT COMP AUTOMOTIVOS LTDA      1511201200000000030257200000000000000000000000000000016112012000000000302572000000000000000799                 900001096           00      BD        
0330003300014J00034191551800001066001124190139850202548665000PIPO COM PECAS ROLAMENTOS LTDA1511201200000000010660000000000000000000000000000000016112012000000000106600000000000000000800                 900001097           00      BD        
0330003300015J00039991551800000566202053157747805313093513001REAL MOTO PECAS LTDA          1511201200000000005662000000000000000000000000000000016112012000000000056620000000000000000801                 900001098           00      BD        
0330003300016J00000197551800000241570000001244482976000610017RENOVA AUTO PECAS LTDA ME     1511201200000000002415700000000000000000000000000000016112012000000000024157000000000000000802                 900001099           00      BD        
0330003300017J00023794551800000439023395061180232805800028140ROCHESTER DISTR DE AUTOPECAS S1511201200000000004390200000000000000000000000000000016112012000000000043902000000000000000803                 900001100           00      BD        
0330003300018J00000191551800000241570000001244482993004956017RPT DISTR DE AUTO PCS         1511201200000000002415700000000000000000000000000000016112012000000000024157000000000000000804                 900001101           00      BD        
0330003300019J00000198551800000330280000001244482993005356717RPT DISTR DE AUTO PCS         1511201200000000003302800000000000000000000000000000016112012000000000033028000000000000000805                 900001102           00      BD        
0330003300020J00023793551800000785070545090000029912400705060TONINI DISTRIBUIDORA LTDA     1511201200000000007850700000000000000000000000000000016112012000000000078507000000000000000806                 900001103           00      BD        
0330003300021J00023791551900000882003316190000001035700088700AGRAMDIESEL COM IMP E EXP LTDA1611201200000000008820000000000000000000000000000000016112012000000000088200000000000000000807                 900001104           00      BD        
0330003300022J00023799551900000969003114091293416614501763000BANCO SAFRA S/A               1611201200000000009690000000000000000000000000000000016112012000000000096900000000000000000808                 900001105           00      BD        
0330003300023J00034191551900000099501125112460460076000777000CENTER PECAS FABBRI LTDA      1611201200000000000995000000000000000000000000000000016112012000000000009950000000000000000813                 900001106           00      BD        
0330003300024J00034191551900000033001125112460530076000777000CENTER PECAS FABBRI LTDA      1611201200000000000330000000000000000000000000000000016112012000000000003300000000000000000814                 900001107           00      BD        
0330003300025J00023794551900000759403262090000029333500935470COMDIP COMERCIAL DISTR DE PECA1611201200000000007594000000000000000000000000000000016112012000000000075940000000000000000815                 900001108           00      BD        
0330003300026J00034191551900000617811570320710654522114471000COML NV MILLENNIUN A P LT EPP 1611201200000000006178100000000000308900000000000000016112012000000000058692000000000000000816                 900001109           00      BD        
0330003300027J00034196551900006251381124512998492938036635000DAYCO POWER TRANSMISSION      1611201200000000062513800000000000000000000000000000016112012000000000625138000000000000000817                 900001110           00      BD        
0330003300028J00034191551900000586161124264538362938030539000DELPHI  AUTOM SYSTEMS BR LTDA 1611201200000000005861600000000000000000000000000000016112012000000000058616000000000000000818                 900001111           00      BD        
0330003300029J00034199551900002910221124264538932938030539000DELPHI  AUTOM SYSTEMS BR LTDA 1611201200000000029102200000000000000000000000000000016112012000000000291022000000000000000819                 900001112           00      BD        
0330003300030J00035692551900000234390689070323490000004889402DISTRIBUIDORA ATOMOTIVA S.A   1611201200000000002343900000000000000000000000000000016112012000000000023439000000000000000820                 900001113           00      BD        
0330003300031J00034198551900000473541124332422892938000052000EATON  LTDA                   1611201200000000004735400000000000000000000000000000016112012000000000047354000000000000000821                 900001114           00      BD        
0330003300032J00034191551900000217271124714851472938000052000EATON  LTDA                   1611201200000000002172700000000000000000000000000000016112012000000000021727000000000000000822                 900001115           00      BD        
0330003300033J00034199551900000083701124714853112938000052000EATON  LTDA                   1611201200000000000837000000000000000000000000000000016112012000000000008370000000000000000823                 900001116           00      BD        
0330003300034J00034199551900000073881124714913922938000052000EATON  LTDA                   1611201200000000000738800000000000000000000000000000016112012000000000007388000000000000000824                 900001117           00      BD        
0330003300035J00034191551900000067961125148970502938000052000EATON  LTDA                   1611201200000000000679600000000000000000000000000000016112012000000000006796000000000000000825                 900001118           00      BD        
0330003300036J00034191551900000658921124332416952938000052000EATON  LTDA                   1611201200000000006589200000000000000000000000000000016112012000000000065892000000000000000826                 900001119           00      BD        
0330003300037J00034198551900000209691124714912852938000052000EATON  LTDA                   1611201200000000002096900000000000000000000000000000016112012000000000020969000000000000000827                 900001120           00      BD        
0330003300038J00034191551900000358831090304019970109276204000GIRANDO COMERCIO DE PECAS LTDA1611201200000000003588300000000000000000000000000000016112012000000000035883000000000000000828                 900001121           00      BD        
0330003300039J00034191551900000428951090304023830109276204000GIRANDO COMERCIO DE PECAS LTDA1611201200000000004289500000000000000000000000000000016112012000000000042895000000000000000829                 900001122           00      BD        
0330003300040J00034194551900000253991090304023750109276204000GIRANDO COMERCIO DE PECAS LTDA1611201200000000002539900000000000000000000000000000016112012000000000025399000000000000000830                 900001123           00      BD        
0330003300041J00034191551900000519071090304024330109276204000GIRANDO COMERCIO DE PECAS LTDA1611201200000000005190700000000000000000000000000000016112012000000000051907000000000000000831                 900001124           00      BD        
0330003300042J00034191551900000373171090007747832938050420000ITA PECAS PARA VEIC COM E SERV1611201200000000003731700000000000000000000000000000016112012000000000037317000000000000000832                 900001125           00      BD        
0330003300043J00000198551900000607910441634965328150001150031JANCAP COMERCIO IMPORTACAO E E1611201200000000006079100000000000000000000000000000016112012000000000060791000000000000000833                 900001126           00      BD        
0330003300044J00023793551900000409033484092261000012401129000PETRONAS LUBRIFICANTES BRASIL 1611201200000000004090300000000000000000000000000000016112012000000000040903000000000000000834                 900001127           00      BD        
0330003300045J00034196551900000521501125009797060384625000000PECAS AUTOMOTIVAS ZEENE LTDA  1611201200000000005215000000000000000000000000000000016112012000000000052150000000000000000835                 900001128           00      BD        
0330003300046J00039994551900001443462053159759205313093513001REAL MOTO PECAS LTDA          1611201200000000014434600000000000000000000000000000016112012000000000144346000000000000000836                 900001129           00      BD        
0330003300047J00039991551900003002432053159191805313093513001REAL MOTO PECAS LTDA          1611201200000000030024300000000000000000000000000000016112012000000000300243000000000000000837                 900001130           00      BD        
0330003300048J00034191551900000214581124234410323184597502000UNIVERSAL AUTOMOTIVE SYSTEMS  1611201200000000002145800000000000000000000000000000016112012000000000021458000000000000000838                 900001131           00      BD        
0330003300049J00023799551800002520002698091123100202400064240RADIO MODELO FM LTDA          1511201200000000025200000000000000000000000000000000016112012000000000252000000000000000000840                 900001132           00      BD        
0330003300050J00023793551800002327433384060000009070103001430TV RECORD DE BAURU LTDA       1511201200000000023274300000000000000000000000000000016112012000000000232743000000000000000842                 900001133           00      BD        
0330003300051J00034192551800002720001090001206400076635200000TV ALIANCA PAULISTA SA        1511201200000000027200000000000000000000000000000000016112012000000000272000000000000000000843                 900001134           00      BD        
0330003300052J00034193551800009418521090001217050076635200000TV ALIANCA PAULISTA SA        1511201200000000094185200000000000000000000000000000016112012000000000941852000000000000000844                 900001135           00      BD        
0330003300053J00034191551800000680001570247724390513635268000OPPORTUNITY COMUN MARK LTDA   1511201200000000006800000000000000000000000000000000016112012000000000068000000000000000000845                 900001136           00      BD        
0330003300054J00034195551800002354501570247595840513635268000OPPORTUNITY COMUN MARK LTDA   1511201200000000023545000000000000000000000000000000016112012000000000235450000000000000000846                 900001137           00      BD        
0330003300055J00034193551800000581861570247512500513635268000OPPORTUNITY COMUN MARK LTDA   1511201200000000005818600000000000000000000000000000016112012000000000058186000000000000000847                 900001138           00      BD        
0330003300056J00034199551800004148811124934554582938012875000INDUSTRIAS ROMI SA            1511201200000000041488100000000000000000000000000000016112012000000000414881000000000000000848                 900001139           00      BD        
0330003300057J00034191551800004148811124934319622938012875000INDUSTRIAS ROMI SA            1511201200000000041488100000000000000000000000000000016112012000000000414881000000000000000849                 900001140           00      BD        
0330003300058J00023791551900000593762002192292000031800001270INDUSTRIAS ROMI SA            1611201200000000005937600000000000000000000000000000016112012000000000059376000000000000000850                 900001141           00      BD        
0330003300059J00023795551900000593762002192292000348200001270INDUSTRIAS ROMI SA            1611201200000000005937600000000000000000000000000000016112012000000000059376000000000000000851                 900001142           00      BD        
0330003300060J00039998551900001275282400405665106573205239001RODONAVES TRANSP E ENCOMENDAS 1611201200000000012752800000000000000000000000000000016112012000000000127528000000000000000852                 900001143           00      BD        
0330003300061J00039993551900000080162400405666006573205239001RODONAVES TRANSP E ENCOMENDAS 1611201200000000000801600000000000000000000000000000016112012000000000008016000000000000000853                 900001144           00      BD        
0330003300062J00034199551900001261001090004996650265613802000PUBLICIDADE KLIMES SAO PAULO L1611201200000000012610000000000000000000000000000000016112012000000000126100000000000000000854                 900001145           00      BD        
0330003300063J00075697551900000944151319102003307301891631001AUTO POSTO REI DA CASTELO PORT1611201200000000009441500000000000000000000000000000016112012000000000094415000000000000000855                 900001146           00      BD        
03300035         000065000000000008028384000000000000000000                                                                                                                                                                                     
03399999         000003000080000000                                                                                                                                                                                                             
