34100000         205437537000137               34202002782000000092471 7AUTO GERAL DE ITU LTDA.       BANCO ITAU S/A                          22105201305361800000105000000                                                                     
34100011E0440031 205437537000137               34202002782000000092471 7AUTO GERAL DE ITU LTDA.                                               17052013000000000000538222DPBRL00001                                                              
3410001300001E1  205437537000137000000         34202002782000000092471 7AUTO GERAL DE ITU LTDA.             DPV                      S        17052013000000000000539221C2060048RES APLIC AUT MAIS                                        000000
3410001300002E1  205437537000137000000         34202002782000000092471 7AUTO GERAL DE ITU LTDA.             DPV                      S        17052013000000000000000001C2060048REND PAGO APLIC AUT MAIS                                  000000
3410001300003E2  205437537000137000000         34202002782000000092471 7AUTO GERAL DE ITU LTDA.             SSR0100005939000000000000S        20052013000000000001750000D1010003CH COMPENSADO 033 000188                                  000188
3410001300004E1  205437537000137000000         34202002782000000092471 7AUTO GERAL DE ITU LTDA.             DPV                      S        20052013000000000000002310D1050074TAR CH VALOR SUP  000191                                  000191
3410001300005E1  205437537000137000000         34202002782000000092471 7AUTO GERAL DE ITU LTDA.             DPV0100007182000000000000S        20052013000000000000094758C2010015TEC DEPOSITO DINHEIRO                                     000000
3410001300006E2  205437537000137000000         34202002782000000092471 7AUTO GERAL DE ITU LTDA.             SSR  000     330000010000S        20052013000000000000062932C2090011DOC 033.0001BANCO SANTAN                                  000000
3410001300007E2  205437537000137000000         34202002782000000092471 7AUTO GERAL DE ITU LTDA.             SSR  000     330000010000S        20052013000000000000082371C2090011DOC 033.0001BANCO SANTAN                                  000000
3410001300008E2  205437537000137000000         34202002782000000092471 7AUTO GERAL DE ITU LTDA.             SSR  000     330000010000S        20052013000000000000040714C2090011DOC 033.0001BANCO SANTAN                                  000000
3410001300009E2  205437537000137000000         34202002782000000092471 7AUTO GERAL DE ITU LTDA.             SSR  000     330000010000S        20052013000000000000063124C2090011DOC 033.0001BANCO SANTAN                                  000000
3410001300010E2  205437537000137000000         34202002782000000092471 7AUTO GERAL DE ITU LTDA.             SSR  000     330000010000S        20052013000000000000090124C2090011DOC 033.0001BANCO SANTAN                                  000000
3410001300011E1  205437537000137000000         34202002782000000092471 7AUTO GERAL DE ITU LTDA.             DPV  03300001000000678201S        20052013000000000000143518C2090007TED 033.0000BANCO SANTAN                                  000000
3410001300012E1  205437537000137000000         34202002782000000092471 7AUTO GERAL DE ITU LTDA.             DPV  03300001000000678201S        20052013000000000000339710C2090007TED 033.0000BANCO SANTAN                                  000000
3410001300013E1  205437537000137000000         34202002782000000092471 7AUTO GERAL DE ITU LTDA.             DPV  03300001000000678201S        20052013000000000000134431C2090007TED 033.0000BANCO SANTAN                                  000000
3410001300014E1  205437537000137000000         34202002782000000092471 7AUTO GERAL DE ITU LTDA.             DPV  03300001000000678201S        20052013000000000000113617C2090007TED 033.0000BANCO SANTAN                                  000000
3410001300015E1  205437537000137000000         34202002782000000092471 7AUTO GERAL DE ITU LTDA.             DPV0100005934000000000000S        20052013000000000000065899C2050093RDCARD MCDBTO 014797470                                   000000
3410001300016E1  205437537000137000000         34202002782000000092471 7AUTO GERAL DE ITU LTDA.             DPV0100005934000000000000S        20052013000000000000105981C2050093RDCARD MCDBTO 014797470                                   000000
3410001300017E1  205437537000137000000         34202002782000000092471 7AUTO GERAL DE ITU LTDA.             DPV0100005934000000000000S        20052013000000000000005068C2050093RDCARD MCDBTO 015254640                                   000000
3410001300018E1  205437537000137000000         34202002782000000092471 7AUTO GERAL DE ITU LTDA.             DPV0100005934000000000000S        20052013000000000000103953C2050093RDCARD MCDBTO 021156743                                   000000
3410001300019E1  205437537000137000000         34202002782000000092471 7AUTO GERAL DE ITU LTDA.             DPV0100005934000000000000S        20052013000000000000004889C2050093RDCARD MCDBTO 039188892                                   000000
3410001300020E1  205437537000137000000         34202002782000000092471 7AUTO GERAL DE ITU LTDA.             DPV0100005934000000000000S        20052013000000000000006373C2050093RDCARD MCDBTO 039188892                                   000000
3410001300021E1  205437537000137000000         34202002782000000092471 7AUTO GERAL DE ITU LTDA.             DPV0100005934000000000000S        20052013000000000000041876C2050093RDCARD MCDBTO 039188892                                   000000
3410001300022E1  205437537000137000000         34202002782000000092471 7AUTO GERAL DE ITU LTDA.             DPV0100005934000000000000S        20052013000000000000004022C2050093RDCARD VISAEL 039188892                                   000000
3410001300023E1  205437537000137000000         34202002782000000092471 7AUTO GERAL DE ITU LTDA.             DPV0100005934000000000000S        20052013000000000000026909C2050093RDCARD VISAEL 039188892                                   000000
3410001300024E1  205437537000137000000         34202002782000000092471 7AUTO GERAL DE ITU LTDA.             DPV0100005934000000000000S        20052013000000000000102024C2050093RDCARD VISAEL 039188892                                   000000
3410001300025E1  205437537000137000000         34202002782000000092471 7AUTO GERAL DE ITU LTDA.             DPV0100002525000000000000S        20052013000000000000460894C2050093RDCARDMC 014797470                                        000000
3410001300026E1  205437537000137000000         34202002782000000092471 7AUTO GERAL DE ITU LTDA.             DPV0100002525000000000000S        20052013000000000000052056C2050093RDCARDMC 015244946                                        000000
3410001300027E1  205437537000137000000         34202002782000000092471 7AUTO GERAL DE ITU LTDA.             DPV0100002525000000000000S        20052013000000000000066744C2050093RDCARDMC 015254640                                        000000
3410001300028E1  205437537000137000000         34202002782000000092471 7AUTO GERAL DE ITU LTDA.             DPV0100002525000000000000S        20052013000000000000068217C2050093RDCARDMC 021156743                                        000000
3410001300029E1  205437537000137000000         34202002782000000092471 7AUTO GERAL DE ITU LTDA.             DPV0100002525000000000000S        20052013000000000000131128C2050093RDCARDMC 039188892                                        000000
3410001300030E1  205437537000137000000         34202002782000000092471 7AUTO GERAL DE ITU LTDA.             DPV0100002525000000000000S        20052013000000000000063560C2050093RDCARDVS 039188892                                        000000
34100015         205437537000137               34202002782000000092471 7                00000000000000000000000000000000000000000000000000000020052013000000000000723582CP0000320000000000017523100000000000030141140000000000000000000000000000
34199999         000001000034000001                                                                                                                                                                                                             
