34100000         212924343000121               34201002782000000090749 8WALZLAGER FABRIK DO BR LTDA   BANCO ITAU S/A                          22105201305361800000105000000                                                                     
34100011E0440031 212924343000121               34201002782000000090749 8WALZLAGER FABRIK DO BR LTDA                                           16052013000000000000005000CPBRL00001                                                              
3410001300001E1  212924343000121000000         34201002782000000090749 8WALZLAGER FABRIK DO BR LTDA         DPV                      S        20052013000000000000000601C2050000DESBLOQUEIO JUDICIAL                                      000000
34100015         212924343000121               34201002782000000090749 8                00000000000000000000000000000000000000000000000000000020052013000000000000005601CP0000030000000000000000000000000000000006010000000000000000000000000000
34199999         000001000005000001                                                                                                                                                                                                             
