34100000         211416091000167               34203002782000000091002 1GERAL CAR P C I E LTDA        BANCO ITAU S/A                          22205201305345700000104000000                                                                     
34100011E0440030 211416091000167               34203002782000000091002 1GERAL CAR P C I E LTDA                                                03052013000000000000001000CPBRL00001                                                              
3410001300001E1  211416091000167000000         34203002782000000091002 1GERAL CAR P C I E LTDA                                       S        21052013000000000000000410D1050074TAR/CUSTAS COBRANCA                                       000000
3410001300002E1  211416091000167000000         34203002782000000091002 1GERAL CAR P C I E LTDA                                       S        21052013000000000000108805C2020038MOV TIT COB DISP  21/05S                                  000000
34100015         211416091000167               34203002782000000091002 1                00000000000000000000000000000000000000000000000000000021052013000000000000109395CP0000040000000000000004100000000000001088050000000000000000000000000000
34199999         000001000006000001                                                                                                                                                                                                             
