34100000         205437537000137               34202002782000000092471 7AUTO GERAL DE ITU LTDA.       BANCO ITAU S/A                          22205201305345700000205000000                                                                     
34100011E0440031 205437537000137               34202002782000000092471 7AUTO GERAL DE ITU LTDA.                                               20052013000000000000723582CPBRL00002                                                              
3410001300001E1  205437537000137000000         34202002782000000092471 7AUTO GERAL DE ITU LTDA.             DPV                      S        20052013000000000000708582D1060045APL APLIC AUT MAIS                                        000000
3410001300002E2  205437537000137000000         34202002782000000092471 7AUTO GERAL DE ITU LTDA.             SSR0100005939000000000000S        21052013000000000001800000D1010003CH COMPENSADO 033 000194                                  000194
3410001300003E1  205437537000137000000         34202002782000000092471 7AUTO GERAL DE ITU LTDA.             DPV                      S        21052013000000000000001925D1050074TAR CH VALOR SUP  000188                                  000188
3410001300004E1  205437537000137000000         34202002782000000092471 7AUTO GERAL DE ITU LTDA.             DPV0100000513000000000000S        21052013000000000000021511C2050098SISPAG  ITA MOTRS COML L                                  000000
3410001300005E2  205437537000137000000         34202002782000000092471 7AUTO GERAL DE ITU LTDA.             SSR  000     330000010000S        21052013000000000000004441C2090011DOC 033.0001BANCO SANTAN                                  000000
3410001300006E2  205437537000137000000         34202002782000000092471 7AUTO GERAL DE ITU LTDA.             SSR  000     330000010000S        21052013000000000000025757C2090011DOC 033.0001BANCO SANTAN                                  000000
3410001300007E2  205437537000137000000         34202002782000000092471 7AUTO GERAL DE ITU LTDA.             SSR  000     330000010000S        21052013000000000000033004C2090011DOC 033.0001BANCO SANTAN                                  000000
3410001300008E2  205437537000137000000         34202002782000000092471 7AUTO GERAL DE ITU LTDA.             SSR  000     330000010000S        21052013000000000000014911C2090011DOC 033.0001BANCO SANTAN                                  000000
3410001300009E2  205437537000137000000         34202002782000000092471 7AUTO GERAL DE ITU LTDA.             SSR  000     330000010000S        21052013000000000000081949C2090011DOC 033.0001BANCO SANTAN                                  000000
3410001300010E2  205437537000137000000         34202002782000000092471 7AUTO GERAL DE ITU LTDA.             SSR  000     330000010000S        21052013000000000000013651C2090011DOC 033.0001BANCO SANTAN                                  000000
3410001300011E2  205437537000137000000         34202002782000000092471 7AUTO GERAL DE ITU LTDA.             SSR  000     330000010000S        21052013000000000000042473C2090011DOC 033.0001BANCO SANTAN                                  000000
3410001300012E2  205437537000137000000         34202002782000000092471 7AUTO GERAL DE ITU LTDA.             SSR  000     330000010000S        21052013000000000000075231C2090011DOC 033.0001BANCO SANTAN                                  000000
3410001300013E1  205437537000137000000         34202002782000000092471 7AUTO GERAL DE ITU LTDA.             DPV  03303328000130022981S        21052013000000000000150661C2090007TED 033.0000BANCO SANTAN                                  000000
3410001300014E1  205437537000137000000         34202002782000000092471 7AUTO GERAL DE ITU LTDA.             DPV0100005934000000000000S        21052013000000000000013664C2050093CIELO MCDBTO  1007599950                                  000000
3410001300015E1  205437537000137000000         34202002782000000092471 7AUTO GERAL DE ITU LTDA.             DPV0100005934000000000000S        21052013000000000000005741C2050093CIELO MCDBTO  1007599968                                  000000
3410001300016E1  205437537000137000000         34202002782000000092471 7AUTO GERAL DE ITU LTDA.             DPV0100005934000000000000S        21052013000000000000327612C2050093RDCARD MCDBTO 014797470                                   000000
3410001300017E1  205437537000137000000         34202002782000000092471 7AUTO GERAL DE ITU LTDA.             DPV0100005934000000000000S        21052013000000000000102382C2050093RDCARD MCDBTO 021156743                                   000000
3410001300018E1  205437537000137000000         34202002782000000092471 7AUTO GERAL DE ITU LTDA.             DPV0100005934000000000000S        21052013000000000000005200C2050093RDCARD VISAEL 039188892                                   000000
3410001300019E1  205437537000137000000         34202002782000000092471 7AUTO GERAL DE ITU LTDA.             DPV0100002525000000000000S        21052013000000000000039194C2050093RDCARDMC 014797470                                        000000
3410001300020E1  205437537000137000000         34202002782000000092471 7AUTO GERAL DE ITU LTDA.             DPV0100002525000000000000S        21052013000000000000024941C2050093RDCARDMC 015244946                                        000000
3410001300021E1  205437537000137000000         34202002782000000092471 7AUTO GERAL DE ITU LTDA.             DPV0100002525000000000000S        21052013000000000000070401C2050093RDCARDMC 015254640                                        000000
3410001300022E1  205437537000137000000         34202002782000000092471 7AUTO GERAL DE ITU LTDA.             DPV0100002525000000000000S        21052013000000000000002270C2050093RDCARDMC 021156743                                        000000
3410001300023E1  205437537000137000000         34202002782000000092471 7AUTO GERAL DE ITU LTDA.             DPV0100002525000000000000S        21052013000000000000021938C2050093RDCARDMC 039188892                                        000000
3410001300024E1  205437537000137000000         34202002782000000092471 7AUTO GERAL DE ITU LTDA.             DPV0100002525000000000000S        21052013000000000000006151C2050093RDCARDVS 039188892                                        000000
34100015         205437537000137               34202002782000000092471 7                00000000000000000000000000000000000000000000000000000021052013000000000000703842DP0000260000000000025105070000000000010830830000000000000000000000000000
34199999         000001000028000001                                                                                                                                                                                                             
