34100000         212924343000121               34201002782000000090749 8WALZLAGER FABRIK DO BR LTDA   BANCO ITAU S/A                          22305201305173500000305000000                                                                     
34100011E0440031 212924343000121               34201002782000000090749 8WALZLAGER FABRIK DO BR LTDA                                           20052013000000000000005601CFBRL00003                                                              
34100015         212924343000121               34201002782000000090749 8                00000000000000000000000000000000000000000000000000000022052013000000000000005601CF0000020000000000000000000000000000000000000000000000000000000000000000
34199999         000001000004000001                                                                                                                                                                                                             
