34100000         205437537000137               34202002782000000092471 7AUTO GERAL DE ITU LTDA.       BANCO ITAU S/A                          22305201305173500000305000000                                                                     
34100011E0440031 205437537000137               34202002782000000092471 7AUTO GERAL DE ITU LTDA.                                               21052013000000000000703842DPBRL00003                                                              
3410001300001E1  205437537000137000000         34202002782000000092471 7AUTO GERAL DE ITU LTDA.             DPV                      S        21052013000000000000704838C2060048RES APLIC AUT MAIS                                        000000
3410001300002E1  205437537000137000000         34202002782000000092471 7AUTO GERAL DE ITU LTDA.             DPV                      S        21052013000000000000000004C2060048REND PAGO APLIC AUT MAIS                                  000000
3410001300003E1  205437537000137000000         34202002782000000092471 7AUTO GERAL DE ITU LTDA.             DPV                      S        22052013000000000000001980D1050074TAR CH VALOR SUP  000194                                  000194
3410001300004E1  205437537000137000000         34202002782000000092471 7AUTO GERAL DE ITU LTDA.             DPV0100004175626000133886S        22052013000000000000192050C2130063TBI 6260.13388-6     C/C                                  000000
3410001300005E1  205437537000137000000         34202002782000000092471 7AUTO GERAL DE ITU LTDA.             DPV0100004175894900101482S        22052013000000000000012375C2130063TBI 8949.10148-2     C/C                                  000000
3410001300006E2  205437537000137000000         34202002782000000092471 7AUTO GERAL DE ITU LTDA.             SSR  000     330000010000S        22052013000000000000093464C2090011DOC 033.0001BANCO SANTAN                                  000000
3410001300007E2  205437537000137000000         34202002782000000092471 7AUTO GERAL DE ITU LTDA.             SSR  000     330000010000S        22052013000000000000013060C2090011DOC 033.0001BANCO SANTAN                                  000000
3410001300008E2  205437537000137000000         34202002782000000092471 7AUTO GERAL DE ITU LTDA.             SSR  000     330000010000S        22052013000000000000022569C2090011DOC 033.0001BANCO SANTAN                                  000000
3410001300009E2  205437537000137000000         34202002782000000092471 7AUTO GERAL DE ITU LTDA.             SSR  000     330000010000S        22052013000000000000097171C2090011DOC 033.0001BANCO SANTAN                                  000000
3410001300010E2  205437537000137000000         34202002782000000092471 7AUTO GERAL DE ITU LTDA.             SSR  000     330000010000S        22052013000000000000013129C2090011DOC 033.0001BANCO SANTAN                                  000000
3410001300011E2  205437537000137000000         34202002782000000092471 7AUTO GERAL DE ITU LTDA.             SSR  000     330000010000S        22052013000000000000039578C2090011DOC 033.0001BANCO SANTAN                                  000000
3410001300012E2  205437537000137000000         34202002782000000092471 7AUTO GERAL DE ITU LTDA.             SSR  000     330000010000S        22052013000000000000055185C2090011DOC 033.0001BANCO SANTAN                                  000000
3410001300013E1  205437537000137000000         34202002782000000092471 7AUTO GERAL DE ITU LTDA.             DPV  03300000000000000000S        22052013000000000000111629C2090007TED 033.0000BANCO SANTAN                                  000000
3410001300014E1  205437537000137000000         34202002782000000092471 7AUTO GERAL DE ITU LTDA.             DPV0100005934000000000000S        22052013000000000000007585C2050093CIELO MCDBTO  1007169912                                  000000
3410001300015E1  205437537000137000000         34202002782000000092471 7AUTO GERAL DE ITU LTDA.             DPV0100005934000000000000S        22052013000000000000001017C2050093CIELO MCDBTO  1007599968                                  000000
3410001300016E1  205437537000137000000         34202002782000000092471 7AUTO GERAL DE ITU LTDA.             DPV0100005934000000000000S        22052013000000000000004915C2050093CIELO MCDBTO  1014810857                                  000000
3410001300017E1  205437537000137000000         34202002782000000092471 7AUTO GERAL DE ITU LTDA.             DPV0100005934000000000000S        22052013000000000000168805C2050093RDCARD MCDBTO 014797470                                   000000
3410001300018E1  205437537000137000000         34202002782000000092471 7AUTO GERAL DE ITU LTDA.             DPV0100005934000000000000S        22052013000000000000057978C2050093RDCARD MCDBTO 021156743                                   000000
3410001300019E1  205437537000137000000         34202002782000000092471 7AUTO GERAL DE ITU LTDA.             DPV0100005934000000000000S        22052013000000000000033272C2050093RDCARD MCDBTO 039188892                                   000000
3410001300020E1  205437537000137000000         34202002782000000092471 7AUTO GERAL DE ITU LTDA.             DPV0100005934000000000000S        22052013000000000000005479C2050093RDCARD VISAEL 039188892                                   000000
3410001300021E1  205437537000137000000         34202002782000000092471 7AUTO GERAL DE ITU LTDA.             DPV0100002525000000000000S        22052013000000000000122310C2050093RDCARDMC 014797470                                        000000
3410001300022E1  205437537000137000000         34202002782000000092471 7AUTO GERAL DE ITU LTDA.             DPV0100002525000000000000S        22052013000000000000026088C2050093RDCARDMC 015244946                                        000000
3410001300023E1  205437537000137000000         34202002782000000092471 7AUTO GERAL DE ITU LTDA.             DPV0100002525000000000000S        22052013000000000000010251C2050093RDCARDMC 015254640                                        000000
3410001300024E1  205437537000137000000         34202002782000000092471 7AUTO GERAL DE ITU LTDA.             DPV0100002525000000000000S        22052013000000000000044488C2050093RDCARDMC 021156743                                        000000
3410001300025E1  205437537000137000000         34202002782000000092471 7AUTO GERAL DE ITU LTDA.             DPV0100002525000000000000S        22052013000000000000058590C2050093RDCARDMC 039188892                                        000000
3410001300026E1  205437537000137000000         34202002782000000092471 7AUTO GERAL DE ITU LTDA.             DPV0100002525000000000000S        22052013000000000000049230C2050093RDCARDVS 039188892                                        000000
34100015         205437537000137               34202002782000000092471 7                00000000000000000000000000000000000000000000000000000022052013000000000001239238CP0000280000000000000019800000000000019450600000000000000000000000000000
34199999         000001000030000001                                                                                                                                                                                                             
