34100000         211416091000167               34203002782000000091002 1GERAL CAR P C I E LTDA        BANCO ITAU S/A                          22305201305173500000204000000                                                                     
34100011E0440030 211416091000167               34203002782000000091002 1GERAL CAR P C I E LTDA                                                21052013000000000000109395CPBRL00002                                                              
3410001300001E1  211416091000167000000         34203002782000000091002 1GERAL CAR P C I E LTDA                                       S        21052013000000000000094395D1060045APL APLIC AUT MAIS                                        000000
34100015         211416091000167               34203002782000000091002 1                00000000000000000000000000000000000000000000000000000021052013000000000000015000CF0000030000000000000943950000000000000000000000000000000000000000000000
34199999         000001000005000001                                                                                                                                                                                                             
