03300000         2054375370001370033006500490028050300065 0000480000414 AUTO GERAL DE ITU LTDA        BANCO SANTANDER                         10102201311053500008906000000                                        G4016PF00528               G4
03300011C2003031 2054375370001370033006500490028050300065 0000480000414 AUTO GERAL DE ITU LTDA                                                AV DR OCTAVIANO PEREIRA MENDES01333               ITU                 13301000SP                  
0330001300001A0007000010292380000000041920 SATTURNO SOROCABA TELEFONIA LT3459                01022013BRL000000000000000000000000100290                    00000000000000000000000                                        07          0          
0330001300002B   200106697000180                              00000                                                  00000000  010220130000000001002900000000000000000000000000000000000000000000000000000000000000000           00000          
0330001300003A0007000010292380000000041920 SATTURNO SOROCABA TELEFONIA LT3460                01022013BRL000000000000000000000000058656                    00000000000000000000000                                        07          0          
0330001300004B   200106697000180                              00000                                                  00000000  010220130000000000586560000000000000000000000000000000000000000000000000000000000000000           00000          
03300015         000006000000000000158946000000000000000000                                                                                                                                                                                     
03300021C2030030 205437537000137003300650049002805030006550000480000414 AUTO GERAL DE ITU LTDA                                                AV DR OCTAVIANO PEREIRA MENDES01333               ITU                 13301000SP                  
0330002300001J00003398559600003337099499820000000000354670104KS PRODUTOS AUTOMOTIVOS LTDA  01022013000000000333709000000000000000000000000000000010220130000000003337090000000000000003439                                    00                
0330002300002J00003396559600021081259489019100000092218670104KSPG AUTOMOTIVE BRASIL LTDA   01022013000000002108125000000000000000000000000000000010220130000000021081250000000000000003440                                    00                
0330002300003J00003396559600000417609512606100000031798180101SERRAF DISTR DE PECAS PARA MOT01022013000000000041760000000000000000000000000000000010220130000000000417600000000000000003452                                    00                
03300025         000005000000000002483594000000000000000000                                                                                                                                                                                     
03300031C2031030 205437537000137003300650049002805030006550000480000414 AUTO GERAL DE ITU LTDA                                                AV DR OCTAVIANO PEREIRA MENDES01333               ITU                 13301000SP                  
0330003300001J00023791559600005813461226091130183253800000070APLIC COM IND DE AUTO PECAS LT01022013000000000581346000000000000000000000000000000010220130000000005813460000000000000003419                                    00                
0330003300002J00023794559600000205213371090000833815000719500AVEBRAZ COMERCIO DE VEICULOS E01022013000000000020521000000000000000000000000000000010220130000000000205210000000000000003420                                    00                
0330003300003J00034195559600000867501126229895671248021303000BANCO FIBRA SA                01022013000000000086750000000000000000000000000000000010220130000000000867500000000000000003421                                    00                
0330003300004J00023794559600001524253114091294475499601763000BANCO SAFRA S/A               01022013000000000152425000000000000000000000000000000010220130000000001524250000000000000003422                                    00                
0330003300005J00034194559600000979001126911708838514325201000BODIPASA BOMBAS DIESEL PAULIST01022013000000000097900000000000000000000000000000000010220130000000000979000000000000000003423                                    00                
0330003300006J00000193559600004607010000001681743000000535117BRUNKO IND E COM DE AUTOPECAS 01022013000000000460701000000000000000000000000000000010220130000000004607010000000000000003424                                    00                
0330003300007J00034198559600000263001127338650290076000777000CENTER PECAS FABBRI LTDA      01022013000000000026300000000000000000000000000000000010220130000000000263000000000000000003425                                    00                
0330003300008J00034195559600009833281127527812550360545834000COBRA ROLAMENTOS E AUTO PECAS 01022013000000000983328000000000000000000000000000000010220130000000009833280000000000000003426                                    00                
0330003300009J00034191559600001112481127527814790360545834000COBRA ROLAMENTOS E AUTO PECAS 01022013000000000111248000000000000000000000000000000010220130000000001112480000000000000003427                                    00                
0330003300010J00023791559600000727923262090000033045800935470COMDIP COMERCIAL DISTR DE PECA01022013000000000072792000000000000000000000000000000010220130000000000727920000000000000003428                                    00                
0330003300011J00023797559600000991892002061301398249100829680COMERCIAL AUTOMOTIVA S.A.     01022013000000000099189000000000000000000000000000000010220130000000000991890000000000000003429                                    00                
0330003300012J00034191559600000664001571381294114522114471000COML NV MILLENNIUN A P LTDA EP01022013000000000066400000000000003320000000000000000010220130000000000630800000000000000003430                                    00                
0330003300013J00035691559600000222100689070323400000003260158DISTRIBUIDORA AUTOMOTIVA S/A  01022013000000000022210000000000000000000000000000000010220130000000000222100000000000000003431                                    00                
0330003300014J00023791559600000296560138092349000002701453000OBB CONSULTORIA E PARTICIPACOE01022013000000000029656000000000000000000000000000000010220130000000000296560000000000000003432                                    00                
0330003300015J00034192559600002848761127179772382938000052000EATON LTDA                    01022013000000000284876000000000000000000000000000000010220130000000002848760000000000000003433                                    00                
0330003300016J00034198559600000329461127179769412938000052000EATON LTDA                    01022013000000000032946000000000000000000000000000000010220130000000000329460000000000000003434                                    00                
0330003300017J00034196559600000112201127179769822938000052000EATON LTDA                    01022013000000000011220000000000000000000000000000000010220130000000000112200000000000000003435                                    00                
0330003300018J00034193559600000152481126689749942938000052000EATON LTDA                    01022013000000000015248000000000000000000000000000000010220130000000000152480000000000000003436                                    00                
0330003300019J00034191559600000320001561732628920069177186000FRANCIULLI COM PECAS LTDA EPP 01022013000000000032000000000000000000000000000000000010220130000000000320000000000000000003437                                    00                
0330003300020J00034197559600000132731090304402500109276204000GIRANDO COMERCIO DE PECAS LTDA01022013000000000013273000000000000000000000000000000010220130000000000132730000000000000003438                                    00                
0330003300021J00023798559600000530003372097672311626200767230MAGGI VEICULOS LTDA           01022013000000000053000000000000000000000000000000000010220130000000000530000000000000000003441                                    00                
0330003300022J00000192559600000062500000001653885000003400118MG TELECOMUNICACOES E INFORMAT01022013000000000006250000000000000000000000000000000010220130000000000062500000000000000003442                                    00                
0330003300023J00039994559600000534638144668575904540096965001PELLEGRINO DISTRIBUIDORA DE AU01022013000000000053463000000000000000000000000000000010220130000000000534630000000000000003443                                    00                
0330003300024J00039997559600000583898144668598804540096965001PELLEGRINO DISTRIBUIDORA DE AU01022013000000000058389000000000000000000000000000000010220130000000000583890000000000000003444                                    00                
0330003300025J00039996559600000650902696551077904540096965001PELLEGRINO DISTRIBUIDORA DE AU01022013000000000065090000000000000000000000000000000010220130000000000650900000000000000003445                                    00                
0330003300026J00034194559600000438841127959313960191074004000POLIPECAS COMERCIAL E IMPORTAD01022013000000000043884000000000003072000000000000000010220130000000000408120000000000000003446                                    00                
0330003300027J00000197559600000869150442876992533200000052731RAYTON INDUSTRIAL SA          01022013000000000086915000000000000000000000000000000010220130000000000869150000000000000003447                                    00                
0330003300028J00039992559600000542292315392735905313093513001REAL MOTO PECAS LTDA          01022013000000000054229000000000000000000000000000000010220130000000000542290000000000000003448                                    00                
0330003300029J00039995559600005385192315391920805313093513001REAL MOTO PECAS LTDA          01022013000000000538519000000000000000000000000000000010220130000000005385190000000000000003449                                    00                
0330003300030J00039998559600000771443133508370105313093513001REAL MOTO PECAS LTDA          01022013000000000077144000000000000000000000000000000010220130000000000771440000000000000003450                                    00                
0330003300031J00039993559600000283552315389354305313093513001REAL MOTO PECAS LTDA          01022013000000000028355000000000000000000000000000000010220130000000000283550000000000000003451                                    00                
0330003300032J00034198559600000186831127695406293184122228000UNIVERSAL AUTOMOTIVE SYSTEMS S01022013000000000018683000000000000000000000000000000010220130000000000186830000000000000003453                                    00                
0330003300033J00000191559600000930630442891154134200002431331ZM S/A                        01022013000000000093063000000000000000000000000000000010220130000000000930630000000000000003454                                    00                
0330003300034J00039991559600001559502400469179906573205239001RODONAVES TRANSP E ENCOMENDAS 01022013000000000155950000000000000000000000000000000010220130000000001559500000000000000003455                                    00                
0330003300035J00000192559600000250000000001729432000000059717MG TELECOMUNICACOES E INFORMAT01022013000000000025000000000000000000000000000000000010220130000000000250000000000000000003456                                    00                
0330003300036J00023791559600000505462372196600102002200360080TELEFONICA BRASIL S/A         01022013000000000050546000000000000000000000000000000010220130000000000505460000000000000003457                                    00                
03300035         000038000000000004602417000000000000000000                                                                                                                                                                                     
03300041C2011010 205437537000137003300650049002805030006550000480000414 AUTO GERAL DE ITU LTDA                                                AV DR OCTAVIANO PEREIRA MENDES01333               ITU                 13301000SP                  
0330004300001O00084640000001804310291127538347574001130130201TELEFONICA                    01022013010220130000000000180433458                                                                                                                  
0330004300002B   000000000000000                              00000                                                  00000000  010220130000000000000000000000000000000000000000000000000000000000000000000000000000              0000000        
03300045         000004000000000000018043                                                                                                                                                                                                       
03399999         000004000055                                                                                                                                                                                                                   
