03300000         2054375370001370033006500490028050300065 0000480000414 AUTO GERAL DE ITU LTDA        BANCO SANTANDER                         10102201314562000009006000000                                        G4016PF00528               G4
03300011C2031030 205437537000137003300650049002805030006550000480000414 AUTO GERAL DE ITU LTDA                                                AV DR OCTAVIANO PEREIRA MENDES01333               ITU                 13301000SP                  
0330001300001J00023792559700001288301316090000009846900009000APS DISTRIBUIDORA DE AUTOPECAS02022013000000000128830000000000000000000000000000000040220130000000001288300000000000000003461                                    00                
0330001300002J00034193559700000164001127338650110076000777000CENTER PECAS FABBRI LTDA      02022013000000000016400000000000000000000000000000000040220130000000000164000000000000000003462                                    00                
0330001300003J00034197559700000236771126736519002938000052000EATON LTDA                    02022013000000000023677000000000000000000000000000000040220130000000000236770000000000000003463                                    00                
0330001300004J00034191559700000793071126736518922938000052000EATON LTDA                    02022013000000000079307000000000000000000000000000000040220130000000000793070000000000000003464                                    00                
0330001300005J00034191559700000231811126655700432938107808000ELIVEL AUTOMOTORES LTDA       02022013000000000023181000000000000000000000000000000040220130000000000231810000000000000003465                                    00                
0330001300006J00023792559700000240792500090256570821800000340ODAPEL DISTRIBUIDORA DE AUTO P02022013000000000024079000000000000000000000000000000040220130000000000240790000000000000003466                                    00                
0330001300007J00023791559700000581762500090256570893400000340ODAPEL DISTRIBUIDORA DE AUTO P02022013000000000058176000000000000000000000000000000040220130000000000581760000000000000003467                                    00                
0330001300008J00023794559700002202462500090256570831900000340ODAPEL DISTRIBUIDORA DE AUTO P02022013000000000220246000000000000000000000000000000040220130000000002202460000000000000003468                                    00                
0330001300009J00034196559700003179821090000469460452910011000ONIN DISTR DE AUTOPECAS LTDA  02022013000000000317982000000000000000000000000000000040220130000000003179820000000000000003469                                    00                
0330001300010J00034194559700000434501127308225850384625000000PECAS AUTOMOTIVAS ZEENE LTDA  02022013000000000043450000000000000000000000000000000040220130000000000434500000000000000003470                                    00                
0330001300011J00023793559700016388423372093018000000605187730RCD COMERCIO  E INDUSTRIA LTDA02022013000000001638842000000000000000000000000000000040220130000000016388420000000000000003471                                    00                
0330001300012J00023798559700000231723395061180232884500028140ROCHESTER DISTRIBUIDORA DE AUT02022013000000000023172000000000000000000000000000000040220130000000000231720000000000000003472                                    00                
03300015         000014000000000002597342000000000000000000                                                                                                                                                                                     
03399999         000001000016                                                                                                                                                                                                                   
