03300000         2054375370001370033006500490028050300065 0000480000414 AUTO GERAL DE ITU LTDA        BANCO SANTANDER                         10103201311140700010906000000                                        G4016PF00529               G4
03300011C2030030 205437537000137003300650049002805030006550000480000414 AUTO GERAL DE ITU LTDA                                                AV DR OCTAVIANO PEREIRA MENDES01333               ITU                 13301000SP                  
0330001300001J00003399562700003658679482285400000091874050203JOFUND S/A                    04032013000000000365867000000000000000000000000000000010320130000000003658670000000000000004465                                    00                
0330001300002J00003393562700002186639121618000000004308110203TARANTO COML IMP E EXP        04032013000000000218663000000000000000000000000000000010320130000000002186630000000000000004496                                    00                
03300015         000004000000000000584530000000000000000000                                                                                                                                                                                     
03300021C2031030 205437537000137003300650049002805030006550000480000414 AUTO GERAL DE ITU LTDA                                                AV DR OCTAVIANO PEREIRA MENDES01333               ITU                 13301000SP                  
0330002300001J00000196562400000262080000001563680000003108617DIRECOES HIDRAULICAS LONDRINA 01032013000000000026208000000000000000000000000000000010320130000000000262080000000000000004424                                    00                
0330002300002J00010498562400000269043164659900100040000007190MD CAR COM DE PRODUTOS AUTOMOT01032013000000000026904000000000000000000000000000000010320130000000000269040000000000000004425                                    00                
0330002300003J00034198562400004030611128649142400065260697000SDUBO COM. IND. LTDA          01032013000000000403061000000000000000000000000000000010320130000000004030610000000000000004426                                    00                
0330002300004J00034191562500002830091128426328310025671256000ELASTOMEROS BRASIL LTDA       02032013000000000283009000000000000000000000000000000010320130000000002830090000000000000004427                                    00                
0330002300005J00023797562500000360000136093032000002301269910MEMORIAL COMERCIO DE PECAS LTD02032013000000000036000000000000000000000000000000000010320130000000000360000000000000000004428                                    00                
0330002300006J00023799562500001712770008091300000820300385010MAQUINAS AGRICOLAS JACTO SA   02032013000000000171277000000000000000000000000000000010320130000000001712770000000000000004429                                    00                
0330002300007J00023791562500000265313484093030000049301129000PETRONAS LUBRIFICANTES BRASIL 02032013000000000026531000000000000000000000000000000010320130000000000265310000000000000004430                                    00                
0330002300008J00034193562500001340001128506799630355223710000CREDERE CONS FOM MERC LTDA    02032013000000000134000000000000000000000000000000000010320130000000001340000000000000000004431                                    00                
0330002300009J00023794562500000815283395061180232911500028140ROCHESTER DISTRIBUIDORA DE AUT02032013000000000081528000000000000000000000000000000010320130000000000815280000000000000004432                                    00                
0330002300010J00023797562500000208743395090000005314500650000SORANA SUL                    02032013000000000020874000000000000000000000000000000010320130000000000208740000000000000004433                                    00                
0330002300011J00034193562600000214441127371887820237417159000ACCIOLY SA IMP E COM          03032013000000000021444000000000000000000000000000000010320130000000000214440000000000000004434                                    00                
0330002300012J00034191562600000360661128180339980237417159000ACCIOLY SA IMP E COM          03032013000000000036066000000000000000000000000000000010320130000000000360660000000000000004435                                    00                
0330002300013J00023799562600000555293114091395769909301763000BANCO SAFRA S/A               03032013000000000055529000000000000000000000000000000010320130000000000555290000000000000004436                                    00                
0330002300014J00034192562600000058851128118514380076000777000CENTER PECAS FABBRI LTDA      03032013000000000005885000000000000000000000000000000010320130000000000058850000000000000004437                                    00                
0330002300015J00034193562600000060501128118514460076000777000CENTER PECAS FABBRI LTDA      03032013000000000006050000000000000000000000000000000010320130000000000060500000000000000004438                                    00                
0330002300016J00034196562600000258921128269483022938000052000EATON LTDA                    03032013000000000025892000000000000000000000000000000010320130000000000258920000000000000004439                                    00                
0330002300017J00034198562600000177991127863047512938000052000EATON LTDA                    03032013000000000017799000000000000000000000000000000010320130000000000177990000000000000004440                                    00                
0330002300018J00034191562600002130751127863039022938000052000EATON LTDA                    03032013000000000213075000000000000000000000000000000010320130000000002130750000000000000004441                                    00                
0330002300019J00034191562600000085121127863042802938000052000EATON LTDA                    03032013000000000008512000000000000000000000000000000010320130000000000085120000000000000004442                                    00                
0330002300020J00023791562600001318832709091330575302400148090GUETTI COML ATACADISTA LTDA   03032013000000000131883000000000000000000000000000000010320130000000001318830000000000000004443                                    00                
0330002300021J00023798562600000416453394090000015704200324600MORELATE DISTRIBUIDORA DE AUTO03032013000000000041645000000000000000000000000000000010320130000000000416450000000000000004444                                    00                
0330002300022J00023791562600000417753395061180232913000028140ROCHESTER DISTRIBUIDORA DE AUT03032013000000000041775000000000000000000000000000000010320130000000000417750000000000000004445                                    00                
0330002300023J00023792562600000280503395090000005320400650000SORANA SUL                    03032013000000000028050000000000000000000000000000000010320130000000000280500000000000000004446                                    00                
0330002300024J00023791562600000215003395090000005320100650000SORANA SUL                    03032013000000000021500000000000000000000000000000000010320130000000000215000000000000000004447                                    00                
0330002300025J00000191562600004502420000001291892000004698917VESPOR AUTOMOTIVE DIST DE AUTO03032013000000000450242000000000000000000000000000000010320130000000004502420000000000000004448                                    00                
0330002300026J00000191562600001885300000001291892000004698817VESPOR AUTOMOTIVE DIST DE AUTO03032013000000000188530000000000000000000000000000000010320130000000001885300000000000000004449                                    00                
0330002300027J00000191562700000968020442958899819140000100711CDMD COM DE VEICULOS AUTOMOTOR04032013000000000096802000000000000000000000000000000010320130000000000968020000000000000004450                                    00                
0330002300028J00023791562700000273750138093023000003201370000BBL SISTEMAS OPERACIONAIS LTDA04032013000000000027375000000000000000000000000000000010320130000000000273750000000000000004451                                    00                
0330002300029J00023799562700001458540122093053000002901823810CODISA DISTRIBUIDORA DE AUTO P04032013000000000145854000000000000000000000000000000010320130000000001458540000000000000004452                                    00                
0330002300030J00023791562700000465973262090000033542000935470COMDIP COMERCIAL DISTR DE PECA04032013000000000046597000000000000000000000000000000010320130000000000465970000000000000004453                                    00                
0330002300031J00023791562700000102392002061301405988100829680COMERCIAL AUTOMOTIVA S.A.     04032013000000000010239000000000000000000000000000000010320130000000000102390000000000000004454                                    00                
0330002300032J00023793562700000563292002061301405996100829680COMERCIAL AUTOMOTIVA S.A.     04032013000000000056329000000000000000000000000000000010320130000000000563290000000000000004455                                    00                
0330002300033J00023797562700000220232002061301405995100829680COMERCIAL AUTOMOTIVA S.A.     04032013000000000022023000000000000000000000000000000010320130000000000220230000000000000004456                                    00                
0330002300034J00034193562700000187451128269521972938000052000EATON LTDA                    04032013000000000018745000000000000000000000000000000010320130000000000187450000000000000004457                                    00                
0330002300035J00034197562700001338391128269502582938000052000EATON LTDA                    04032013000000000133839000000000000000000000000000000010320130000000001338390000000000000004458                                    00                
0330002300036J00034196562700000495401127863064752938000052000EATON LTDA                    04032013000000000049540000000000000000000000000000000010320130000000000495400000000000000004459                                    00                
0330002300037J00034195562700000231881126655700502938107808000ELIVEL AUTOMOTORES LTDA       04032013000000000023188000000000000000000000000000000010320130000000000231880000000000000004460                                    00                
0330002300038J00023796562700000256003392021330450332501078340F2 DISTRIBUIDORA DE AUTO PARTS04032013000000000025600000000000000000000000000000000010320130000000000256000000000000000004461                                    00                
0330002300039J00023792562700000336804130073046000046005005930FW DISTRIBUIDORA LTDA         04032013000000000033680000000000000000000000000000000010320130000000000336800000000000000004462                                    00                
0330002300040J00034196562700000303891128117805530109276204000GIRANDO COMERCIO DE PECAS LTDA04032013000000000030389000000000000000000000000000000010320130000000000303890000000000000004463                                    00                
0330002300041J00034192562700000159211090304555630109276204000GIRANDO COMERCIO DE PECAS LTDA04032013000000000015921000000000000000000000000000000010320130000000000159210000000000000004464                                    00                
0330002300042J00034193562700001093941128491355982395022557000KOGA KOGA CIA LTDA            04032013000000000109394000000000000000000000000000000010320130000000001093940000000000000004466                                    00                
0330002300043J00034191562700000424341128491357702395022557000KOGA KOGA CIA LTDA            04032013000000000042434000000000000000000000000000000010320130000000000424340000000000000004467                                    00                
0330002300044J00034191562700002640471128491356892395022557000KOGA KOGA CIA LTDA            04032013000000000264047000000000000000000000000000000010320130000000002640470000000000000004468                                    00                
0330002300045J00034191562700000955081128491357622395022557000KOGA KOGA CIA LTDA            04032013000000000095508000000000000000000000000000000010320130000000000955080000000000000004469                                    00                
0330002300046J00023796562700000514003372097672311626300767230MAGGI VEICULOS LTDA           04032013000000000051400000000000000000000000000000000010320130000000000514000000000000000004470                                    00                
0330002300047J00023791562700000023543372097672311758100767230MAGGI VEICULOS LTDA           04032013000000000002354000000000000000000000000000000010320130000000000023540000000000000004471                                    00                
0330002300048J00034195562700000451271127767569292938025125000MAHLE METAL LEVE S/A          04032013000000000045127000000000000000000000000000000010320130000000000451270000000000000004472                                    00                
0330002300049J00034194562700000339311127767569372938025125000MAHLE METAL LEVE S/A          04032013000000000033931000000000000000000000000000000010320130000000000339310000000000000004473                                    00                
0330002300050J00034197562700001305391127767568462938025125000MAHLE METAL LEVE S/A          04032013000000000130539000000000000000000000000000000010320130000000001305390000000000000004474                                    00                
0330002300051J00034197562700000137601127767568532938025125000MAHLE METAL LEVE S/A          04032013000000000013760000000000000000000000000000000010320130000000000137600000000000000004475                                    00                
0330002300052J00034191562700000571091127767568612938025125000MAHLE METAL LEVE S/A          04032013000000000057109000000000000000000000000000000010320130000000000571090000000000000004476                                    00                
0330002300053J00034193562700000285031127767568792938025125000MAHLE METAL LEVE S/A          04032013000000000028503000000000000000000000000000000010320130000000000285030000000000000004477                                    00                
0330002300054J00023791562700000225902028193030000002700375550MASTER SISTEMAS AUTOMOTIVOS LT04032013000000000022590000000000000000000000000000000010320130000000000225900000000000000004478                                    00                
0330002300055J00023795562700001985362500090256572595900000340ODAPEL DISTRIBUIDORA DE AUTO P04032013000000000198536000000000000000000000000000000010320130000000001985360000000000000004479                                    00                
0330002300056J00023794562700000178042500090256572786300000340ODAPEL DISTRIBUIDORA DE AUTO P04032013000000000017804000000000000000000000000000000010320130000000000178040000000000000004480                                    00                
0330002300057J00023793562700002225922500090256572782000000340ODAPEL DISTRIBUIDORA DE AUTO P04032013000000000222592000000000000000000000000000000010320130000000002225920000000000000004481                                    00                
0330002300058J00023799562700000760652500090256572867000000340ODAPEL DISTRIBUIDORA DE AUTO P04032013000000000076065000000000000000000000000000000010320130000000000760650000000000000004482                                    00                
0330002300059J00023791562700000359480151091330500060001251750PECA MAIS COMERCIO DE AUTO PEC04032013000000000035948000000000000000000000000000000010320130000000000359480000000000000004483                                    00                
0330002300060J00039998562700001773488144670150904540096965001PELLEGRINO DISTRIBUIDORA DE AU04032013000000000177348000000000000000000000000000000010320130000000001773480000000000000004484                                    00                
0330002300061J00039997562700002476932696554610204540096965001PELLEGRINO DISTRIBUIDORA DE AU04032013000000000247693000000000000000000000000000000010320130000000002476930000000000000004485                                    00                
0330002300062J00039995562700003386198144670149504540096965001PELLEGRINO DISTRIBUIDORA DE AU04032013000000000338619000000000000000000000000000000010320130000000003386190000000000000004486                                    00                
0330002300063J00039991562700001289122696554576904540096965001PELLEGRINO DISTRIBUIDORA DE AU04032013000000000128912000000000000000000000000000000010320130000000001289120000000000000004487                                    00                
0330002300064J00023798562700001657543684190000019785300673000POLIPECAS DISTRIBUIDORA AUTOMO04032013000000000165754000000000000000000000000000000010320130000000001657540000000000000004488                                    00                
0330002300065J00000191562700003657780444602229107180000403211RADIEX QUIMICA LTDA           04032013000000000365778000000000000000000000000000000010320130000000003657780000000000000004489                                    00                
0330002300066J00039991562700000944133133551236005313093513001REAL MOTO PECAS LTDA          04032013000000000094413000000000000000000000000000000010320130000000000944130000000000000004490                                    00                
0330002300067J00039991562700001550943133551242405313093513001REAL MOTO PECAS LTDA          04032013000000000155094000000000000000000000000000000010320130000000001550940000000000000004491                                    00                
0330002300068J00023797562700000269573395061180232914200028140ROCHESTER DISTRIBUIDORA DE AUT04032013000000000026957000000000000000000000000000000010320130000000000269570000000000000004492                                    00                
0330002300069J00034191562700002333331128365702948513014608000SATTURNO SOROCABA TELEFONIA LT04032013000000000233333000000000023333000000000000000010320130000000002100000000000000000004493                                    00                
0330002300070J00034192562700000360001128468124398513014608000SATTURNO SOROCABA TELEFONIA LT04032013000000000036000000000000000000000000000000000010320130000000000360000000000000000004494                                    00                
0330002300071J00000193562700000594000442959158019140030527311SUPER CDMD COMERCIO DE VEICULO04032013000000000059400000000000000000000000000000000010320130000000000594000000000000000004495                                    00                
0330002300072J00034195562700000242101128042736162938069560000TEMPO AUTOMOVEIS PECAS LTDA   04032013000000000024210000000000000000000000000000000010320130000000000242100000000000000004497                                    00                
0330002300073J00034199562700000180001128042736402938069560000TEMPO AUTOMOVEIS PECAS LTDA   04032013000000000018000000000000000000000000000000000010320130000000000180000000000000000004498                                    00                
0330002300074J00034199562700000122421126621267652938069560000TEMPO AUTOMOVEIS PECAS LTDA   04032013000000000012242000000000000000000000000000000010320130000000000122420000000000000004499                                    00                
0330002300075J00034195562700000142611127318333182938069560000TEMPO AUTOMOVEIS PECAS LTDA   04032013000000000014261000000000000000000000000000000010320130000000000142610000000000000004500                                    00                
0330002300076J00000198562700000488000000001291892000004701317VESPOR AUTOMOTIVE DIST DE AUTO04032013000000000048800000000000000000000000000000000010320130000000000488000000000000000004501                                    00                
0330002300077J00000196562700003952810000001148003000007378817VESPOR AUTOMOTIVE DIST DE AUTO04032013000000000395281000000000000000000000000000000010320130000000003952810000000000000004502                                    00                
0330002300078J00000191562700000866400000001148003000007378717VESPOR AUTOMOTIVE DIST DE AUTO04032013000000000086640000000000000000000000000000000010320130000000000866400000000000000004503                                    00                
0330002300079J00023797562600005175693395090000004382800795000COMERCIAL JAHU BORRACHAS E A.P03032013000000000517569000000000000000000000000000000010320130000000005175690000000000000004504                                    00                
0330002300080J00023791562700006697583684190000019786100673000POLIPECAS DISTRIBUIDORA AUTOMO04032013000000000669758000000000000000000000000000000010320130000000006697580000000000000004505                                    00                
03300025         000082000000000008479760000000000000000000                                                                                                                                                                                     
03399999         000002000088                                                                                                                                                                                                                   
