03300000         2054375370001370033006500490028050300065 0000480000414 AUTO GERAL DE ITU LTDA        BANCO SANTANDER                         10201201311194800006406000000                                        G4016PF00528               G4
03300011C2003031 2054375370001370033006500490028050300065 0000480000414 AUTO GERAL DE ITU LTDA                                                AV DR OCTAVIANO PEREIRA MENDES01333               ITU                 13301000SP                  
0330001300001A0007002370336770000000019291 MAX GEAR IND E COM DE AUTO PEC2534                02012013BRL000000000000000000000000237552                    00000000000000000000000                                        07          0          
0330001300002B   202821683000173                              00000                                                  00000000  020120130000000002375520000000000000000000000000000000000000000000000000000000000000000           00000          
03300015         000004000000000000237552000000000000000000                                                                                                                                                                                     
03300021C2030030 205437537000137003300650049002805030006550000480000414 AUTO GERAL DE ITU LTDA                                                AV DR OCTAVIANO PEREIRA MENDES01333               ITU                 13301000SP                  
0330002300001J00003392556500000301949186167000000003986670104BACURITY COMERCIAL LTDA       01012013000000000030194000000000000000000000000000000020120130000000000301940000000000000002470                                    00                
0330002300002J00003399556600000208429513931700000103666280101DISTRIBUIDORA AUTOMOTIVA S/A  02012013000000000020842000000000000000000000000000000020120130000000000208420000000000000002496                                    00                
0330002300003J00003391556600000220469513931700000103668650101DISTRIBUIDORA AUTOMOTIVA S/A  02012013000000000022046000000000000000000000000000000020120130000000000220460000000000000002499                                    00                
0330002300004J00003396556600004710719482285400000091812960203JOFUND S/A                    02012013000000000471071000000000000000000000000000000020120130000000004710710000000000000002510                                    00                
0330002300005J00003396556600003128909376289000000000220390203JUNTAS SANTA CRUZ LTDA        02012013000000000312890000000000000000000000000000000020120130000000003128900000000000000002511                                    00                
03300025         000007000000000000857043000000000000000000                                                                                                                                                                                     
03300031C2031030 205437537000137003300650049002805030006550000480000414 AUTO GERAL DE ITU LTDA                                                AV DR OCTAVIANO PEREIRA MENDES01333               ITU                 13301000SP                  
0330003300001J00034193556500000288671090001937840137627725000ALENAN COML DE PECAS E ACS LTD01012013000000000028867000000000000000000000000000000020120130000000000288670000000000000002464                                    00                
0330003300002J00039991556500000519041766200022111960078237001BAP AUTOMOTIVA LTDA           01012013000000000051904000000000000000000000000000000020120130000000000519040000000000000002465                                    00                
0330003300003J00039999556500001706251766200023011960078237001BAP AUTOMOTIVA LTDA           01012013000000000170625000000000000000000000000000000020120130000000001706250000000000000002466                                    00                
0330003300004J00039991556500000932461766200021311960078237001BAP AUTOMOTIVA LTDA           01012013000000000093246000000000000000000000000000000020120130000000000932460000000000000002467                                    00                
0330003300005J00039991556500005788971766200024811960078237001BAP AUTOMOTIVA LTDA           01012013000000000578897000000000000000000000000000000020120130000000005788970000000000000002468                                    00                
0330003300006J00039996556500000252341766200020511960078237001BAP AUTOMOTIVA LTDA           01012013000000000025234000000000000000000000000000000020120130000000000252340000000000000002469                                    00                
0330003300007J00034199556500002856261090002998620278840913000CAPITAL EMBALAGENS DESCAT LTDA01012013000000000285626000000000000000000000000000000020120130000000002856260000000000000002471                                    00                
0330003300008J00023791556500000143613389092354000015100120490CHG AUTOMOTIVA LTDA           01012013000000000014361000000000000000000000000000000020120130000000000143610000000000000002472                                    00                
0330003300009J00000194556500003215811610087234914830000770017CHG AUTOMOTIVA LTDA           01012013000000000321581000000000000000000000000000000020120130000000003215810000000000000002473                                    00                
0330003300010J00000193556400007667050000001514623443544704611HAIRAM IND E COM DE AUTOPECAS 31122012000000000766705000000000000000000000000000000020120130000000007667050000000000000002474                                    00                
0330003300011J00000198556500000637010000001216979441306179731NOVA DISTRIBUIDORA DE VEICULOS01012013000000000063701000000000000000000000000000000020120130000000000637010000000000000002475                                    00                
0330003300012J00034191000000000000001219833123401012365225000PACAEMBU AUTO PECAS LTDA      01012013000000000655116000000000000000000000000000000020120130000000006551160000000000000002476                                    00                
0330003300013J00034195000000000000001219833123321012365225000PACAEMBU AUTO PECAS LTDA      01012013000000000121000000000000000000000000000000000020120130000000001210000000000000000002477                                    00                
0330003300014J00034194000000000000001219833123651012365225000PACAEMBU AUTO PECAS LTDA      01012013000000000175306000000000000000000000000000000020120130000000001753060000000000000002478                                    00                
0330003300015J00034191000000000000001219833123731012365225000PACAEMBU AUTO PECAS LTDA      01012013000000000111680000000000000000000000000000000020120130000000001116800000000000000002479                                    00                
0330003300016J00034191556500001593991126812627163048155083000PARQUE DIST SUPRIMENTOS PARA E01012013000000000159399000000000000000000000000000000020120130000000001593990000000000000002480                                    00                
0330003300017J00023794556500001728400151091323530031301251750PECA MAIS COMERCIO DE AUTO PEC01012013000000000172840000000000000000000000000000000020120130000000001728400000000000000002481                                    00                
0330003300018J00039996556500000844008144667233904540096965001PELLEGRINO DISTRIBUIDORA DE AU01012013000000000084400000000000000000000000000000000020120130000000000844000000000000000002482                                    00                
0330003300019J00039998556500000457722696547716004540096965001PELLEGRINO DISTRIBUIDORA DE AU01012013000000000045772000000000000000000000000000000020120130000000000457720000000000000002483                                    00                
0330003300020J00034191556500000744491127189428010191074004000POLIPECAS COMERCIAL E IMPORTAD01012013000000000074449000000000005211000000000000000020120130000000000692380000000000000002484                                    00                
0330003300021J00039991556500002689172315328708205313093513001REAL MOTO PECAS LTDA          01012013000000000268917000000000000000000000000000000020120130000000002689170000000000000002485                                    00                
0330003300022J00039998556500000275012315335083305313093513001REAL MOTO PECAS LTDA          01012013000000000027501000000000000000000000000000000020120130000000000275010000000000000002486                                    00                
0330003300023J00023799556500001070323389092354000003700491880TANCLICK DISTRIBUIDORA DE AUTO01012013000000000107032000000000000000000000000000000020120130000000001070320000000000000002487                                    00                
0330003300024J00023797556600004711370329192349000011900024120AD PAPEIS LTDA                02012013000000000471137000000000000000000000000000000020120130000000004711370000000000000002488                                    00                
0330003300025J00023791556600000205203371090000833814900719500AVEBRAZ COMERCIO DE VEICULOS E02012013000000000020520000000000000000000000000000000020120130000000000205200000000000000002489                                    00                
0330003300026J00023795556600000117603371090000833825100719500AVEBRAZ COMERCIO DE VEICULOS E02012013000000000011760000000000000000000000000000000020120130000000000117600000000000000002490                                    00                
0330003300027J00000193556600000309891823850555929130010401917CAMPINAS DIESEL LTDA          02012013000000000030989000000000000000000000000000000020120130000000000309890000000000000002491                                    00                
0330003300028J00034195556600000015001126746200030076000777000CENTER PECAS FABBRI LTDA      02012013000000000001500000000000000000000000000000000020120130000000000015000000000000000002492                                    00                
0330003300029J00034199556600000130201126648869450076000777000CENTER PECAS FABBRI LTDA      02012013000000000013020000000000000000000000000000000020120130000000000130200000000000000002493                                    00                
0330003300030J00034196556600000169001126648869600076000777000CENTER PECAS FABBRI LTDA      02012013000000000016900000000000000000000000000000000020120130000000000169000000000000000002494                                    00                
0330003300031J00034193556600000419001126746199970076000777000CENTER PECAS FABBRI LTDA      02012013000000000041900000000000000000000000000000000020120130000000000419000000000000000002495                                    00                
0330003300032J00035691556600000153520689070323490000004896373DISTRIBUIDORA AUTOMOTIVA S/A  02012013000000000015352000000000000000000000000000000020120130000000000153520000000000000002497                                    00                
0330003300033J00035694556600000195630689070323480000004896127DISTRIBUIDORA AUTOMOTIVA S/A  02012013000000000019563000000000000000000000000000000020120130000000000195630000000000000002498                                    00                
0330003300034J00035695556600000333540689070323410000004896132DISTRIBUIDORA AUTOMOTIVA S/A  02012013000000000033354000000000000000000000000000000020120130000000000333540000000000000002500                                    00                
0330003300035J00035697556600000269930689070323470000004896334DISTRIBUIDORA AUTOMOTIVA S/A  02012013000000000026993000000000000000000000000000000020120130000000000269930000000000000002501                                    00                
0330003300036J00035698556600000254750689070323480000004896358DISTRIBUIDORA AUTOMOTIVA S/A  02012013000000000025475000000000000000000000000000000020120130000000000254750000000000000002502                                    00                
0330003300037J00034197556600001158931090000349760287323356000ESTAMPARIA PAULISTA IND. COM. 02012013000000000115893000000000000000000000000000000020120130000000001158930000000000000002503                                    00                
0330003300038J00034195556600000119991090304263250109276204000GIRANDO COMERCIO DE PECAS LTDA02012013000000000011999000000000000000000000000000000020120130000000000119990000000000000002504                                    00                
0330003300039J00034191556600000406151090304258300109276204000GIRANDO COMERCIO DE PECAS LTDA02012013000000000040615000000000000000000000000000000020120130000000000406150000000000000002505                                    00                
0330003300040J00034194556600000247991090304267700109276204000GIRANDO COMERCIO DE PECAS LTDA02012013000000000024799000000000000000000000000000000020120130000000000247990000000000000002506                                    00                
0330003300041J00034194556600000423041090000197990242411544000GLOBAL FLEX IMPRESS FLEX LTDA 02012013000000000042304000000000000000000000000000000020120130000000000423040000000000000002507                                    00                
0330003300042J00010492556600005963000057102998700000000005712GOMES E CORA LTDA EPP         02012013000000000596300000000000000000000000000000000020120130000000005963000000000000000002508                                    00                
0330003300043J00034193556600000591941090000458348052016014000IRMAOS FERRETI E CIA LTDA     02012013000000000059194000000000000000000000000000000020120130000000000591940000000000000002509                                    00                
0330003300044J00023793556600002373700086092339000014300170000A FIRMA ASSESSORIA EM COBRANCA02012013000000000237370000000000000000000000000000000020120130000000002373700000000000000002512                                    00                
0330003300045J00000194556600002921961675225017504700000290517METALURGICA ADAMANTINA LTDA   02012013000000000292196000000000000000000000000000000020120130000000002921960000000000000002513                                    00                
0330003300046J00023791556600001650000136092347000001301269910MEMORIAL COMERCIO DE PECAS LTD02012013000000000165000000000000000000000000000000000020120130000000001650000000000000000002514                                    00                
0330003300047J00023794556600000179743394090000013623400324600MORELATE DISTRIBUIDORA DE AUTO02012013000000000017974000000000000000000000000000000020120130000000000179740000000000000002515                                    00                
0330003300048J00039992556600000280962696547671604540096965001PELLEGRINO DISTRIBUIDORA DE AU02012013000000000028096000000000000000000000000000000020120130000000000280960000000000000002516                                    00                
0330003300049J00023792556600000265343484092341000054001129000PETRONAS LUBRIFICANTES BRASIL 02012013000000000026534000000000000000000000000000000020120130000000000265340000000000000002517                                    00                
0330003300050J00023795556600010328873484092341000053401129000PETRONAS LUBRIFICANTES BRASIL 02012013000000001032887000000000000000000000000000000020120130000000010328870000000000000002518                                    00                
0330003300051J00023791556600001439043484092341000053701129000PETRONAS LUBRIFICANTES BRASIL 02012013000000000143904000000000000000000000000000000020120130000000001439040000000000000002519                                    00                
0330003300052J00000191556600001798210000002175416000002968617SK AUTOMOTIVE S/A DISTR AUTOPE02012013000000000179821000000000000000000000000000000020120130000000001798210000000000000002520                                    00                
0330003300053J00000196556600009743290000002175416000002968717SK AUTOMOTIVE S/A DISTR AUTOPE02012013000000000974329000000000000000000000000000000020120130000000009743290000000000000002521                                    00                
0330003300054J00000199556600000708650000002175416000002968117SK AUTOMOTIVE S/A DISTR AUTOPE02012013000000000070865000000000000000000000000000000020120130000000000708650000000000000002522                                    00                
0330003300055J00000191556600002013180000002175416000002967917SK AUTOMOTIVE S/A DISTR AUTOPE02012013000000000201318000000000000000000000000000000020120130000000002013180000000000000002523                                    00                
0330003300056J00000191556600001381570000002175416000002968217SK AUTOMOTIVE S/A DISTR AUTOPE02012013000000000138157000000000000000000000000000000020120130000000001381570000000000000002524                                    00                
0330003300057J00023791556600000302290545090000031011700705060TONINI DISTRIBUIDORA LTDA     02012013000000000030229000000000000000000000000000000020120130000000000302290000000000000002525                                    00                
0330003300058J00023791556600000331810545090000030970400705060TONINI DISTRIBUIDORA LTDA     02012013000000000033181000000000000000000000000000000020120130000000000331810000000000000002526                                    00                
0330003300059J00039998556500001804398144667245204540096965001PELLEGRINO DISTRIBUIDORA DE AU01012013000000000180439000000000000000000000000000000020120130000000001804390000000000000002527                                    00                
0330003300060J00023797556500000698012372196600098875300360080TELEFONICA BRASIL S/A         01012013000000000069801000000000000000000000000000000020120130000000000698010000000000000002528                                    00                
03300035         000062000000000009840616000000000000000000                                                                                                                                                                                     
03300041C2011010 205437537000137003300650049002805030006550000480000414 AUTO GERAL DE ITU LTDA                                                AV DR OCTAVIANO PEREIRA MENDES01333               ITU                 13301000SP                  
0330004300001O00084840000005300600895237389999993473010521802NEXTEL TELECOMUNICACOES LTDA  02012013020120130000000000530062529                                                                                                                  
0330004300002B   000000000000000                              00000                                                  00000000  020120130000000000000000000000000000000000000000000000000000000000000000000000000000              0000000        
0330004300003O00084860000012330000895237199999993473010651802NEXTEL TELECOMUNICACOES LTDA  02012013020120130000000001233002530                                                                                                                  
0330004300004B   000000000000000                              00000                                                  00000000  020120130000000000000000000000000000000000000000000000000000000000000000000000000000              0000000        
0330004300005O00084840000007094800895236809999993473010841802NEXTEL TELECOMUNICACOES LTDA  02012013020120130000000000709482531                                                                                                                  
0330004300006B   000000000000000                              00000                                                  00000000  020120130000000000000000000000000000000000000000000000000000000000000000000000000000              0000000        
0330004300007O00084640000001840910291127538347574012124130101TELEFONICA                    02012013020120130000000000184092532                                                                                                                  
0330004300008B   000000000000000                              00000                                                  00000000  020120130000000000000000000000000000000000000000000000000000000000000000000000000000              0000000        
0330004300009O00083640000003000701103002351913700210001465384CIA PIRATININGA DE FORCA E LUZ02012013020120130000000000300072533                                                                                                                  
0330004300010B   000000000000000                              00000                                                  00000000  020120130000000000000000000000000000000000000000000000000000000000000000000000000000              0000000        
03300045         000012000000000000295670                                                                                                                                                                                                       
03399999         000004000087                                                                                                                                                                                                                   
