03300000         2054375370001370033006500490028050300065 0000480000414 AUTO GERAL DE ITU LTDA        BANCO SANTANDER                         10204201310352200013206000000                                        G4016PF00531               G4
03300011C2030030 205437537000137003300650049002805030006550000480000414 AUTO GERAL DE ITU LTDA                                                AV DR OCTAVIANO PEREIRA MENDES01333               ITU                 13301000SP                  
0330001300001J00003391565600001744409472544100000001281980104CINPAL CIA IND DE PECAS P/ AUT02042013000000000174440000000000000000000000000000000020420130000000001744400000000000000005468                                    00                
0330001300002J00003394565600002002819472544100000001282360104CINPAL CIA IND DE PECAS P/ AUT02042013000000000200281000000000000000000000000000000020420130000000002002810000000000000005469                                    00                
0330001300003J00003391565600012028209476616400000002092520203DPF AUTO PECAS LTDA           02042013000000001202820000000000000000000000000000000020420130000000012028200000000000000005475                                    00                
03300015         000005000000000001577541000000000000000000                                                                                                                                                                                     
03300021C2031030 205437537000137003300650049002805030006550000480000414 AUTO GERAL DE ITU LTDA                                                AV DR OCTAVIANO PEREIRA MENDES01333               ITU                 13301000SP                  
0330002300001J00023794565600000105763371090000833983300719500AVEBRAZ COMERCIO DE VEICULOS E02042013000000000010576000000000000000000000000000000020420130000000000105760000000000000005467                                    00                
0330002300002J00034191565600002416461126979027352938040108000CINPAL CIA IND DE PECAS P/ AUT02042013000000000241646000000000000000000000000000000020420130000000002416460000000000000005470                                    00                
0330002300003J00023793565600000286093262090000035088100935470COMDIP COMERCIAL DISTR DE PECA02042013000000000028609000000000000000000000000000000020420130000000000286090000000000000005471                                    00                
0330002300004J00035693565600000145860689070323490000003268756DISTRIBUIDORA AUTOMOTIVA S.A. 02042013000000000014586000000000000000000000000000000020420130000000000145860000000000000005472                                    00                
0330002300005J00035694565600000127420689070323460000003268809DISTRIBUIDORA AUTOMOTIVA S.A. 02042013000000000012742000000000000000000000000000000020420130000000000127420000000000000005473                                    00                
0330002300006J00035691565600000347390689070323440000003268694DISTRIBUIDORA AUTOMOTIVA S.A. 02042013000000000034739000000000000000000000000000000020420130000000000347390000000000000005474                                    00                
0330002300007J00034196565600000077071129119547282938000052000EATON LTDA                    02042013000000000007707000000000000000000000000000000020420130000000000077070000000000000005476                                    00                
0330002300008J00039994565600000434121770411806604570524809001F CONFUORTO IND COM PCS LTDA  02042013000000000043412000000000000000000000000000000020420130000000000434120000000000000005477                                    00                
0330002300009J00034199565600000253351090304718670109276204000GIRANDO COMERCIO DE PECAS LTDA02042013000000000025335000000000000000000000000000000020420130000000000253350000000000000005478                                    00                
0330002300010J00034197565600000244331090304717680109276204000GIRANDO COMERCIO DE PECAS LTDA02042013000000000024433000000000000000000000000000000020420130000000000244330000000000000005479                                    00                
0330002300011J00000196565600002273830444701457901790000407011HSBOND INDUSTRIA COMERCIO IMP.02042013000000000227383000000000000000000000000000000020420130000000002273830000000000000005480                                    00                
0330002300012J00023794565600000135003372097310006649300731000MAGGI AUTOMOVEIS LTDA         02042013000000000013500000000000000000000000000000000020420130000000000135000000000000000005481                                    00                
0330002300013J00023793565600000514803372097672311626400767230MAGGI VEICULOS LTDA           02042013000000000051480000000000000000000000000000000020420130000000000514800000000000000005482                                    00                
0330002300014J00023793565600001686613372093077000002705096800METALURGICA SCHADEK LTDA      02042013000000000168661000000000000000000000000000000020420130000000001686610000000000000005483                                    00                
0330002300015J00023793565600000236940151091330780071901251750PECA MAIS COMERCIO DE AUTO PEC02042013000000000023694000000000000000000000000000000020420130000000000236940000000000000005484                                    00                
0330002300016J00034197565600000524001128649016760384625000000PECAS AUTOMOTIVAS ZEENE LTDA  02042013000000000052400000000000000000000000000000000020420130000000000524000000000000000005485                                    00                
0330002300017J00023794565600002478693484093032000027401129000PETRONAS LUBRIFICANTES BRASIL 02042013000000000247869000000000000000000000000000000020420130000000002478690000000000000005486                                    00                
0330002300018J00034197565600002260961129587183820191074004000POLIPECAS COMERCIAL E IMPORTAD02042013000000000226096000000000015827000000000000000020420130000000002102690000000000000005487                                    00                
0330002300019J00000191565600000219080000001597457132225452317PETROBRAS DISTRIBUIDORA       02042013000000000021908000000000000000000000000000000020420130000000000219080000000000000005488                                    00                
0330002300020J00039993565600002617772995107003105313093513001REAL MOTO PECAS LTDA          02042013000000000261777000000000000000000000000000000020420130000000002617770000000000000005489                                    00                
0330002300021J00039991565600000315962995112144205313093513001REAL MOTO PECAS LTDA          02042013000000000031596000000000000000000000000000000020420130000000000315960000000000000005490                                    00                
0330002300022J00039996565600000541842995113386605313093513001REAL MOTO PECAS LTDA          02042013000000000054184000000000000000000000000000000020420130000000000541840000000000000005491                                    00                
0330002300023J00039993565600000336193133551791405313093513001REAL MOTO PECAS LTDA          02042013000000000033619000000000000000000000000000000020420130000000000336190000000000000005492                                    00                
0330002300024J00000193565600000718480000002175416000003689517SK AUTOMOTIVE S/A DISTR AUTOPE02042013000000000071848000000000000000000000000000000020420130000000000718480000000000000005493                                    00                
0330002300025J00023798565600000272253395090000005320500650000SORANA SUL                    02042013000000000027225000000000000000000000000000000020420130000000000272250000000000000005494                                    00                
0330002300026J00034194565600002333331129049714088513014608000SATTURNO SOROCABA TELEFONIA LT02042013000000000233333000000000023333000000000000000020420130000000002100000000000000000005495                                    00                
03300025         000028000000000002151198000000000000000000                                                                                                                                                                                     
03300031C2016010 205437537000137003300650049002805030006550000480000414 AUTO GERAL DE ITU LTDA                                                AV DR OCTAVIANO PEREIRA MENDES01333               ITU                 13301000SP                  
0330003300001N0005496                                    AUTO GERAL DE ITU LTDA        02042013000000000002981002172020543753700013716311220120000000000000000000000000000244400000000000048800000000000004925012013                            
0330003300002B   205437537000137                              00000                                                  00000000  250120130000000000000000000000000000000000000000000000000000000000000000000000000000              0000000        
03300035         000004000000000000002981                                                                                                                                                                                                       
03399999         000003000039                                                                                                                                                                                                                   
