03300000         2054375370001370033006500490028050300065 0000480000414 AUTO GERAL DE ITU LTDA        BANCO SANTANDER                         10301201311024800006506000000                                        G4016PF00528               G4
03300011C2003031 2054375370001370033006500490028050300065 0000480000414 AUTO GERAL DE ITU LTDA                                                AV DR OCTAVIANO PEREIRA MENDES01333               ITU                 13301000SP                  
0330001300001A0007002370304060000000002658 POLIPECAS COMERCIAL E IMPORTAD2572                03012013BRL000000000000000000000000202537                    00000000000000000000000                                        07          0          
0330001300002B   249295900000100                              00000                                                  00000000  030120130000000002025370000000000000000000000000000000000000000000000000000000000000000           00000          
0330001300003A0000182370055090000000316156 MOBENSANI COMERCIAL AUTOMOTIVA2573                03012013BRL000000000000000000000001174676                    00000000000000000000000                                        07          0          
0330001300004B   261246245000198                              00000                                                  00000000  030120130000000011746760000000000000000000000000000000000000000000000000000000000000000           00000          
03300015         000006000000000001377213000000000000000000                                                                                                                                                                                     
03300021C2030030 205437537000137003300650049002805030006550000480000414 AUTO GERAL DE ITU LTDA                                                AV DR OCTAVIANO PEREIRA MENDES01333               ITU                 13301000SP                  
0330002300001J00003399556700000407939474127700000007000370203LUPORINI DISTR DE AUTOPECAS LT03012013000000000040793000000000000000000000000000000030120130000000000407930000000000000002557                                    00                
03300025         000003000000000000040793000000000000000000                                                                                                                                                                                     
03300031C2031030 205437537000137003300650049002805030006550000480000414 AUTO GERAL DE ITU LTDA                                                AV DR OCTAVIANO PEREIRA MENDES01333               ITU                 13301000SP                  
0330003300001J00023792556700000846560154092335000001903360050ALPHA SENSORES AUTOMOTIVOS LTD03012013000000000084656000000000000000000000000000000030120130000000000846560000000000000002535                                    00                
0330003300002J00023791556700000932003114091293598227201763000BANCO SAFRA S/A               03012013000000000093200000000000000000000000000000000030120130000000000932000000000000000002536                                    00                
0330003300003J00000199556700000341571823850539129130010401917CAMPINAS DIESEL LTDA          03012013000000000034157000000000000000000000000000000030120130000000000341570000000000000002537                                    00                
0330003300004J00000194556700000968000442958899619140000100711CDMD COM DE VEICULOS AUTOMOTOR03012013000000000096800000000000000000000000000000000030120130000000000968000000000000000002538                                    00                
0330003300005J00034191556700000028501126648869030076000777000CENTER PECAS FABBRI LTDA      03012013000000000002850000000000000000000000000000000030120130000000000028500000000000000002539                                    00                
0330003300006J00034191556700000028501126648868950076000777000CENTER PECAS FABBRI LTDA      03012013000000000002850000000000000000000000000000000030120130000000000028500000000000000002540                                    00                
0330003300007J00034198556700000063001126746200110076000777000CENTER PECAS FABBRI LTDA      03012013000000000006300000000000000000000000000000000030120130000000000063000000000000000002541                                    00                
0330003300008J00039999556700000329523200073842403436080189001COFIPE VEICULOS LTDA          03012013000000000032952000000000000000000000000000000030120130000000000329520000000000000002542                                    00                
0330003300009J00023791556700004855820119060000000964300682000CORCERAMA COM DE AUTOPECAS LTD03012013000000000485582000000000000000000000000000000030120130000000004855820000000000000002543                                    00                
0330003300010J00035693556700000245720689070323470000004896672DISTRIBUIDORA AUTOMOTIVA S/A  03012013000000000024572000000000000000000000000000000030120130000000000245720000000000000002544                                    00                
0330003300011J00023795556700000318660138092341000004201370000BBL SISTEMAS OPERACIONAIS LTDA03012013000000000031866000000000000000000000000000000030120130000000000318660000000000000002545                                    00                
0330003300012J00023791556700000892623114091295240897001763000BANCO SAFRA S/A               03012013000000000089262000000000000000000000000000000030120130000000000892620000000000000002546                                    00                
0330003300013J00034199556700000231821126655700352938107808000ELIVEL AUTOMOTORES LTDA       03012013000000000023182000000000000000000000000000000030120130000000000231820000000000000002547                                    00                
0330003300014J00034198556700001028071126654054060046365078000FELICIO VIGORITO FILHOS LTDA  03012013000000000102807000000000000000000000000000000030120130000000001028070000000000000002548                                    00                
0330003300015J00034194556700000183351126654063960046365078000FELICIO VIGORITO FILHOS LTDA  03012013000000000018335000000000000000000000000000000030120130000000000183350000000000000002549                                    00                
0330003300016J00034191556700004194891126905308482938017569000FRAS-LE S/A                   03012013000000000419489000000000000000000000000000000030120130000000004194890000000000000002550                                    00                
0330003300017J00034199556700003963881126905308632938017569000FRAS-LE S/A                   03012013000000000396388000000000000000000000000000000030120130000000003963880000000000000002551                                    00                
0330003300018J00034194556700001806351090304274140109276204000GIRANDO COMERCIO DE PECAS LTDA03012013000000000180635000000000000000000000000000000030120130000000001806350000000000000002552                                    00                
0330003300019J00034195556700000246651090009020382938050420000ITA PECAS PARA VEIC COM E SERV03012013000000000024665000000000000000000000000000000030120130000000000246650000000000000002553                                    00                
0330003300020J00000191556700001898170443476594534280000630911JOFUND S/A                    03012013000000000189817000000000000000000000000000000030120130000000001898170000000000000002554                                    00                
0330003300021J00000199556700001669320443476594834280000630911JOFUND S/A                    03012013000000000166932000000000000000000000000000000030120130000000001669320000000000000002555                                    00                
0330003300022J00034191556700007654891127032209651446685057000KT COMP AUTOMOTIVOS LTDA      03012013000000000765489000000000000000000000000000000030120130000000007654890000000000000002556                                    00                
0330003300023J00023796556700000300003372094000204504600400020MAGGI LE NOM AUTOMOTORES LTDA 03012013000000000030000000000000000000000000000000000030120130000000000300000000000000000002558                                    00                
0330003300024J00034194556700000744991124653154338351016152000MANDO MACHINERY LTDA          03012013000000000074499000000000000000000000000000000030120130000000000744990000000000000002559                                    00                
0330003300025J00010494556700006572013144783414399487000000224MSA PRODUTOS AUTOMOTIVOS LTDA 03012013000000000657201000000000000000000000000000000030120130000000006572010000000000000002560                                    00                
0330003300026J00034198000000000000001219833129021012365225000PACAEMBU AUTO PECAS LTDA      03012013000000000044800000000000000000000000000000000030120130000000000448000000000000000002561                                    00                
0330003300027J00034197000000000000001219841876751012365225000PACAEMBU AUTO PECAS LTDA      03012013000000000161000000000000000000000000000000000030120130000000001610000000000000000002562                                    00                
0330003300028J00039991556700001234801766376905704540096965001PELLEGRINO DISTRIBUIDORA DE AU03012013000000000123480000000000000000000000000000000030120130000000001234800000000000000002563                                    00                
0330003300029J00039999556700000275566696534425004540096965001PELLEGRINO DISTRIBUIDORA DE AU03012013000000000027556000000000000000000000000000000030120130000000000275560000000000000002564                                    00                
0330003300030J00023798556700000210002857091323390706300000320RIO PARDO COMERCIAL E DISTRIBU03012013000000000021000000000000000000000000000000000030120130000000000210000000000000000002565                                    00                
0330003300031J00034192556700001091801090001683670560239238000SAFISA INDUSTRIAL LTDA        03012013000000000109180000000000000000000000000000000030120130000000001091800000000000000002566                                    00                
0330003300032J00000198556700000594000442959157819140030527311SUPER CDMD COMERCIO DE VEICULO03012013000000000059400000000000000000000000000000000030120130000000000594000000000000000002567                                    00                
0330003300033J00023791556700002934973178190000018267000421050TUPER DISTRIB. PROD. METALURGI03012013000000000293497000000000000000000000000000000030120130000000002934970000000000000002568                                    00                
0330003300034J00000198556700000614460000001653885000003160118MG TELECOMUNICACOES E INFORMAT03012013000000000061446000000000000000000000000000000030120130000000000614460000000000000002569                                    00                
0330003300035J00023796556700001385273372091123520506700731020MAGGI AUTOMOVEIS LTDA         03012013000000000138527000000000000000000000000000000030120130000000001385270000000000000002570                                    00                
0330003300036J00000191556700000159100000001555704202000116717VIRTUAL EXPRESS TRANSPORTES E 03012013000000000015910000000000000000000000000000000030120130000000000159100000000000000002571                                    00                
03300035         000038000000000005090282000000000000000000                                                                                                                                                                                     
03300041C2011010 205437537000137003300650049002805030006550000480000414 AUTO GERAL DE ITU LTDA                                                AV DR OCTAVIANO PEREIRA MENDES01333               ITU                 13301000SP                  
0330004300001O00083620000002807201103001754368950210005915015CIA PIRATININGA DE FORCA E LUZ03012013030120130000000000280722574                                                                                                                  
0330004300002B   000000000000000                              00000                                                  00000000  030120130000000000000000000000000000000000000000000000000000000000000000000000000000              0000000        
03300045         000004000000000000028072                                                                                                                                                                                                       
03399999         000004000053                                                                                                                                                                                                                   
