03300000         2054375370001370033006500490028050300065 0000480000414 AUTO GERAL DE ITU LTDA        BANCO SANTANDER                         10312201213235300004306000000                                        G4016PF00528               G4
03300011C2003031 2054375370001370033006500490028050300065 0000480000414 AUTO GERAL DE ITU LTDA                                                AV DR OCTAVIANO PEREIRA MENDES01333               ITU                 13301000SP                  
0330001300001A0000182370215550000000085138 JOSE DANCIGUER ME             1406                03122012BRL000000000000000000000001215000                    00000000000000000000000                                        07          0          
0330001300002B   249882251000136                              00000                                                  00000000  031220120000000012150000000000000000000000000000000000000000000000000000000000000000000           00000          
0330001300003A0007002370056060000000404209 JUNTAS SANTA CRUZ LTDA        1407                03122012BRL000000000000000000000000059648                    00000000000000000000000                                        07          0          
0330001300004B   277644102000174                              00000                                                  00000000  031220120000000000596480000000000000000000000000000000000000000000000000000000000000000           00000          
03300015         000006000000000001274648000000000000000000                                                                                                                                                                                     
03300021C2031030 205437537000137003300650049002805030006550000480000414 AUTO GERAL DE ITU LTDA                                                AV DR OCTAVIANO PEREIRA MENDES01333               ITU                 13301000SP                  
0330002300001J00034191553600000658601815918170100109276204000GIRANDO COMERCIO DE PECAS LTDA03122012000000000065860000000000000000000000000000000031220120000000000658600000000000000001374                                    00                
0330002300002J00034197553600000196851815918193050109276204000GIRANDO COMERCIO DE PECAS LTDA03122012000000000019685000000000000000000000000000000031220120000000000196850000000000000001375                                    00                
0330002300003J00034191553600000139171815918202790109276204000GIRANDO COMERCIO DE PECAS LTDA03122012000000000013917000000000000000000000000000000031220120000000000139170000000000000001376                                    00                
0330002300004J00034191553600000341051815918211752938074016000ITAVOX VEICULOS               03122012000000000034105000000000000000000000000000000031220120000000000341050000000000000001377                                    00                
0330002300005J00034197553600000218051815918220952938000052000EATON  LTDA                   03122012000000000021805000000000000000000000000000000031220120000000000218050000000000000001378                                    00                
0330002300006J00034194553600000084001815918240262938000052000EATON  LTDA                   03122012000000000008400000000000000000000000000000000031220120000000000084000000000000000001379                                    00                
0330002300007J00034194553600000074141815918247862938000052000EATON  LTDA                   03122012000000000007414000000000000000000000000000000031220120000000000074140000000000000001380                                    00                
0330002300008J00034196553600000066201815918255512938000052000EATON  LTDA                   03122012000000000006620000000000000000000000000000000031220120000000000066200000000000000001381                                    00                
0330002300009J00034191553600000210441815918261872938000052000EATON  LTDA                   03122012000000000021044000000000000000000000000000000031220120000000000210440000000000000001382                                    00                
0330002300010J00034195553600000728761815918224140360545834000COBRA ROLAMENTOS AUTOPECAS LTD03122012000000000072876000000000000000000000000000000031220120000000000728760000000000000001383                                    00                
0330002300011J00034191553600000150681815918270250360545834000COBRA ROLAMENTOS AUTOPECAS LTD03122012000000000015068000000000000000000000000000000031220120000000000150680000000000000001384                                    00                
0330002300012J00034193553600000284231815918278010360545834000COBRA ROLAMENTOS AUTOPECAS LTD03122012000000000028423000000000000000000000000000000031220120000000000284230000000000000001385                                    00                
0330002300013J00023796553600000292054130072321000125805005930FW DISTRIBUIDORA LTDA         03122012000000000029205000000000000000000000000000000031220120000000000292050000000000000001386                                    00                
0330002300014J00023797553600000254060138092300000006401370000BBL SISTEMAS OPERACIONAIS LTDA03122012000000000025406000000000000000000000000000000031220120000000000254060000000000000001387                                    00                
0330002300015J00023791553600000766243262090000029333600935470COMDIP COMERCIAL DISTR DE PECA03122012000000000076624000000000000000000000000000000031220120000000000766240000000000000001388                                    00                
0330002300016J00023797553600000383843262090000030850600935470COMDIP COMERCIAL DISTR DE PECA03122012000000000038384000000000000000000000000000000031220120000000000383840000000000000001389                                    00                
0330002300017J00023797553600000374593381090000008910901801540BRASILWAGEN COM VEICULOS SA   03122012000000000037459000000000000000000000000000000031220120000000000374590000000000000001390                                    00                
0330002300018J00023799553600000483993392022304000026201078260MF CAMBUCI DISTR DE AUTOPECAS 03122012000000000048399000000000000000000000000000000031220120000000000483990000000000000001391                                    00                
0330002300019J00023797553600000895233316190000001035800088700AGRAMDIESEL COM IMP E EXP LTDA03122012000000000089523000000000000000000000000000000031220120000000000895230000000000000001392                                    00                
0330002300020J00023793553600000341813394090000012079400324600MORELAT DISTRIBUIDORA DE AUTO 03122012000000000034181000000000000000000000000000000031220120000000000341810000000000000001393                                    00                
0330002300021J00000195553600004161990000002096856000002045517PRV COM DE PECAS LTDA         03122012000000000416199000000000000000000000000000000031220120000000004161990000000000000001394                                    00                
0330002300022J00000191553600000371850000002096856000002163017PRV COM DE PECAS LTDA         03122012000000000037185000000000000000000000000000000031220120000000000371850000000000000001395                                    00                
0330002300023J00039999553600000377332053178356605313093513001REAL MOTO PECAS LTDA          03122012000000000037733000000000000000000000000000000031220120000000000377330000000000000001396                                    00                
0330002300024J00039992553600007224232053177713205313093513001REAL MOTO PECAS LTDA          03122012000000000722423000000000000000000000000000000031220120000000007224230000000000000001397                                    00                
0330002300025J00039996553600001066932053186385305313093513001REAL MOTO PECAS LTDA          03122012000000000106693000000000000000000000000000000031220120000000001066930000000000000001398                                    00                
0330002300026J00039991553600000345892053176607605313093513001REAL MOTO PECAS LTDA          03122012000000000034589000000000000000000000000000000031220120000000000345890000000000000001399                                    00                
0330002300027J00039997553600001902022053186289005313093513001REAL MOTO PECAS LTDA          03122012000000000190202000000000000000000000000000000031220120000000001902020000000000000001400                                    00                
0330002300028J00039991553600000732481764101423004540096965001PELLEGRINO DIST DE AUTOPECAS L03122012000000000073248000000000000000000000000000000031220120000000000732480000000000000001401                                    00                
0330002300029J00039995553600000312661761257144903280030090001ITAVEMA ITALIA VEIC E MAQUINAS03122012000000000031266000000000000000000000000000000031220120000000000312660000000000000001402                                    00                
0330002300030J00039997553600000200341764073581311960078237001BAP AUTOMOTIVA LTDA           03122012000000000020034000000000000000000000000000000031220120000000000200340000000000000001403                                    00                
0330002300031J00034195553600000344961815918243834522114471000COML NV MILLENNIUM A P LTD EPP03122012000000000034496000000000000000000000000000000031220120000000000344960000000000000001404                                    00                
0330002300032J00039991553600004037552671466832203435718856001SERASA S.A                    03122012000000000403755000000000000000000000000000000031220120000000004037550000000000000001405                                    00                
03300025         000034000000000002802221000000000000000000                                                                                                                                                                                     
03399999         000002000042                                                                                                                                                                                                                   
