03300000         2054375370001370033006500490028050300065 0000480000414 AUTO GERAL DE ITU LTDA        BANCO SANTANDER                         10304201311140700013306000000                                        G4016PF00531               G4
03300011C2001031 2054375370001370033006500490028050300065 0000480000414 AUTO GERAL DE ITU LTDA                                                AV DR OCTAVIANO PEREIRA MENDES01333               ITU                 13301000SP                  
0330001300001A0000000330358200000010009736 TEREZINHA DE JESUS CAMARGO FAC5523                03042013BRL000000000000000000000000036670                    00000000000000000000000                                        07          0          
0330001300002B   100002130117864                              00000                                                  00000000  030420130000000000366700000000000000000000000000000000000000000000000000000000000000000           00000          
03300015         000004000000000000036670000000000000000000                                                                                                                                                                                     
03300021C2003031 2054375370001370033006500490028050300065 0000480000414 AUTO GERAL DE ITU LTDA                                                AV DR OCTAVIANO PEREIRA MENDES01333               ITU                 13301000SP                  
0330002300001A0007000010181550000000197165 TOP MIX ACESSORIOS AUTOMOTIVOS5521                03042013BRL000000000000000000000000108781                    00000000000000000000000                                        07          0          
0330002300002B   208748271000131                              00000                                                  00000000  030420130000000001087810000000000000000000000000000000000000000000000000000000000000000           00000          
0330002300003A0007000010154660000002050374 GERAL PARTS COM PECAS E ABRASI5522                03042013BRL000000000000000000000000094139                    00000000000000000000000                                        07          0          
0330002300004B   252472438000176                              00000                                                  00000000  030420130000000000941390000000000000000000000000000000000000000000000000000000000000000           00000          
03300025         000006000000000000202920000000000000000000                                                                                                                                                                                     
03300031C2030030 205437537000137003300650049002805030006550000480000414 AUTO GERAL DE ITU LTDA                                                AV DR OCTAVIANO PEREIRA MENDES01333               ITU                 13301000SP                  
0330003300001J00003399565700000475009421259200000000501800101GUMP MOTORS COMPONENTES AUTOMO03042013000000000047500000000000000000000000000000000030420130000000000475000000000000000005513                                    00                
0330003300002J00003391565700000289909492147000000000600890104J FREITAS COM IMP E EXP LTDA  03042013000000000028990000000000000000000000000000000030420130000000000289900000000000000005516                                    00                
03300035         000004000000000000076490000000000000000000                                                                                                                                                                                     
03300041C2031030 205437537000137003300650049002805030006550000480000414 AUTO GERAL DE ITU LTDA                                                AV DR OCTAVIANO PEREIRA MENDES01333               ITU                 13301000SP                  
0330004300001J000237955657000011841805310930810000017006251902AR INDUSTRIA E COMERCIO LTDA 03042013000000000118418000000000000000000000000000000030420130000000001184180000000000000005497                                    00                
0330004300002J00023791565700001230652622093064000005300970050ABSOLUTA DISTR DE AUTOMOVEIS L03042013000000000123065000000000000000000000000000000030420130000000001230650000000000000005498                                    00                
0330004300003J00000198565700000778821823850739729130010401917CAMPINAS DIESEL LTDA          03042013000000000077882000000000000000000000000000000030420130000000000778820000000000000005499                                    00                
0330004300004J00034196565700000091101129128286650076000777000CENTER PECAS FABBRI LTDA      03042013000000000009110000000000000000000000000000000030420130000000000091100000000000000005500                                    00                
0330004300005J00034191565700000038001129128286810076000777000CENTER PECAS FABBRI LTDA      03042013000000000003800000000000000000000000000000000030420130000000000038000000000000000005501                                    00                
0330004300006J00034191565700000221001129128286570076000777000CENTER PECAS FABBRI LTDA      03042013000000000022100000000000000000000000000000000030420130000000000221000000000000000005502                                    00                
0330004300007J00034194565700000223501129291956600076000777000CENTER PECAS FABBRI LTDA      03042013000000000022350000000000000000000000000000000030420130000000000223500000000000000005503                                    00                
0330004300008J00000197565700000264480445461076933600000221711CHG AUTOMOTIVA LTDA           03042013000000000026448000000000000000000000000000000030420130000000000264480000000000000005504                                    00                
0330004300009J00023798565700000388842002061301420270100829680COMERCIAL AUTOMOTIVA S.A.     03042013000000000038884000000000000000000000000000000030420130000000000388840000000000000005505                                    00                
0330004300010J00000191565700004275784584340000000000100057221DB DISTRIBUIDORA DE BATERIAS L03042013000000000427578000000000000000000000000000000030420130000000004275780000000000000005506                                    00                
0330004300011J00035691565700000623620689070323470000005757345DISTRIBUIDORA AUTOMOTIVA S.A. 03042013000000000062362000000000000000000000000000000030420130000000000623620000000000000005507                                    00                
0330004300012J00034192565700000210611128313984932938000052000EATON LTDA                    03042013000000000021061000000000000000000000000000000030420130000000000210610000000000000005508                                    00                
0330004300013J00039991565700001754763106200095609200216507001ELIANE RODRIGUES ALVES FERNAND03042013000000000175476000000000000000000000000000000030420130000000001754760000000000000005509                                    00                
0330004300014J00039998565700002390403106200096409200216507001ELIANE RODRIGUES ALVES FERNAND03042013000000000239040000000000000000000000000000000030420130000000002390400000000000000005510                                    00                
0330004300015J00039996565700000382981770411805804570524809001F CONFUORTO IND COM PCS LTDA  03042013000000000038298000000000000000000000000000000030420130000000000382980000000000000005511                                    00                
0330004300016J00034195565700000335271090304727090109276204000GIRANDO COMERCIO DE PECAS LTDA03042013000000000033527000000000000000000000000000000030420130000000000335270000000000000005512                                    00                
0330004300017J00023791565700000679720328093065000001900930800ITUMEX DISTRIBUICAO DE MOVEIS 03042013000000000067972000000000000000000000000000000030420130000000000679720000000000000005514                                    00                
0330004300018J00023799565700002033270328093065000000500930800ITUMEX DISTRIBUICAO DE MOVEIS 03042013000000000203327000000000000000000000000000000030420130000000002033270000000000000005515                                    00                
0330004300019J00023793565700002328102719091330790186800054390MECKAN INDUSTRIAL             03042013000000000232810000000000000000000000000000000030420130000000002328100000000000000005517                                    00                
0330004300020J00023797565700000275573484093036000094001129000PETRONAS LUBRIFICANTES BRASIL 03042013000000000027557000000000000000000000000000000030420130000000000275570000000000000005518                                    00                
0330004300021J00000196565700000316040445126321733440000206131POLI FILTRO IND E COMERCIO LTD03042013000000000031604000000000000000000000000000000030420130000000000316040000000000000005519                                    00                
0330004300022J00039991565700000304093133562840605313093513001REAL MOTO PECAS LTDA          03042013000000000030409000000000000000000000000000000030420130000000000304090000000000000005520                                    00                
03300045         000024000000000002033078000000000000000000                                                                                                                                                                                     
03399999         000004000040                                                                                                                                                                                                                   
