03300000         2054375370001370033006500490028050300065 0000480000414 AUTO GERAL DE ITU LTDA        BANCO SANTANDER                         10312201210515100004206000000                                        G4016PF00528               G4
03300011C2030030 205437537000137003300650049002805030006550000480000414 AUTO GERAL DE ITU LTDA                                                AV DR OCTAVIANO PEREIRA MENDES01333               ITU                 13301000SP                  
0330001300001J00003394553600000369419513931700000103410560101DISTRIBUIDORA AUTOMOTIVA S.A  03122012000000000036941000000000000000000000000000000031220120000000000369410000000000000001340                                    00                
03300015         000003000000000000036941000000000000000000                                                                                                                                                                                     
03300021C2031030 205437537000137003300650049002805030006550000480000414 AUTO GERAL DE ITU LTDA                                                AV DR OCTAVIANO PEREIRA MENDES01333               ITU                 13301000SP                  
0330002300001J00034196553400000049001125515964820076000777000CENTER PECAS FABBRI LTDA      01122012000000000004900000000000000000000000000000000031220120000000000049000000000000000001311                                    00                
0330002300002J00034198553400000109501125515964740076000777000CENTER PECAS FABBRI LTDA      01122012000000000010950000000000000000000000000000000031220120000000000109500000000000000001312                                    00                
0330002300003J00034196553400000055501125685373700076000777000CENTER PECAS FABBRI LTDA      01122012000000000005550000000000000000000000000000000031220120000000000055500000000000000001313                                    00                
0330002300004J00034197553400000025001125515965080076000777000CENTER PECAS FABBRI LTDA      01122012000000000002500000000000000000000000000000000031220120000000000025000000000000000001314                                    00                
0330002300005J00034191553400000021821125192415282938000052000EATON  LTDA                   01122012000000000002182000000000000000000000000000000031220120000000000021820000000000000001315                                    00                
0330002300006J00034193553400000825771125192405532938000052000EATON  LTDA                   01122012000000000082577000000000000000000000000000000031220120000000000825770000000000000001316                                    00                
0330002300007J00034199553400000954571124670569442938107808000ELIVEL AUTOMOTORES LTDA       01122012000000000095457000000000000000000000000000000031220120000000000954570000000000000001317                                    00                
0330002300008J00023791553400000377003372190000001567305064650JC FELIVEL DISTR VEICULOS LTDA01122012000000000037700000000000000000000000000000000031220120000000000377000000000000000001318                                    00                
0330002300009J00034199553400000549341124653154178351016152000MANDO MACHINERY LTDA          01122012000000000054934000000000000000000000000000000031220120000000000549340000000000000001319                                    00                
0330002300010J00023796553400000359952500090256567368300000340ODAPEL DISTR DE AUTO PECAS LTD01122012000000000035995000000000000000000000000000000031220120000000000359950000000000000001320                                    00                
0330002300011J00034199553400000371001125156759190384625000000PECAS AUTOMOTIVAS ZEENE LTDA  01122012000000000037100000000000000000000000000000000031220120000000000371000000000000000001321                                    00                
0330002300012J00023792553400000707473395090000004692700650000SORANA SUL                    01122012000000000070747000000000000000000000000000000031220120000000000707470000000000000001322                                    00                
0330002300013J00034191553500000220011126110130802938036635000DAYCO POWER TRANSMISSION      02122012000000000022001000000000000000000000000000000031220120000000000220010000000000000001323                                    00                
0330002300014J00000192553500000500504584341682600370004790718DB DISTRIBUIDORA DE BATERIA LT02122012000000000050050000000000000000000000000000000031220120000000000500500000000000000001324                                    00                
0330002300015J00000199553500002349354584341682500370004790718DB DISTRIBUIDORA DE BATERIA LT02122012000000000234935000000000000000000000000000000031220120000000002349350000000000000001325                                    00                
0330002300016J00034194553500000395491125632965192938000052000EATON  LTDA                   02122012000000000039549000000000000000000000000000000031220120000000000395490000000000000001326                                    00                
0330002300017J00034193553500000094261125274856952938000052000EATON  LTDA                   02122012000000000009426000000000000000000000000000000031220120000000000094260000000000000001327                                    00                
0330002300018J00034191553500000138671125274857112938000052000EATON  LTDA                   02122012000000000013867000000000000000000000000000000031220120000000000138670000000000000001328                                    00                
0330002300019J00034191553500000115951125632967332938000052000EATON  LTDA                   02122012000000000011595000000000000000000000000000000031220120000000000115950000000000000001329                                    00                
0330002300020J00023799553500000436563394090000010690600324600MORELAT DISTRIBUIDORA DE AUTO 02122012000000000043656000000000000000000000000000000031220120000000000436560000000000000001330                                    00                
0330002300021J00000198553500000637010000001216979441306179631NOVA DISTRIBUIDORA DE VEICULOS02122012000000000063701000000000000000000000000000000031220120000000000637010000000000000001331                                    00                
0330002300022J00034199553400000243321126340822780466660099000POLO COMERCIO INTERNACIONAL LT01122012000000000024332000000000000000000000000000000031220120000000000243320000000000000001333                                    00                
0330002300023J00034192553600006544941125328299296873115130000AMR AUTOPARTS EMP EXP LTDA    03122012000000000654494000000000000000000000000000000031220120000000006544940000000000000001334                                    00                
0330002300024J00034198553600000902501124690667507460278760000ASTRO TECNOLOGIA I C LTDA     03122012000000000090250000000000000000000000000000000031220120000000000902500000000000000001335                                    00                
0330002300025J00023795553600000149003371090000833765800719500AVEBRAZ COM DE VEICULOS E PECA03122012000000000014900000000000000000000000000000000031220120000000000149000000000000000001336                                    00                
0330002300026J00023791553600005381594130072333000000205102210BREMSEN WAYSER IND E COM LTDA 03122012000000000538159000000000000000000000000000000031220120000000005381590000000000000001337                                    00                
0330002300027J00000197553600000397811823850324429130010401917CAMPINAS DIESEL LTDA          03122012000000000039781000000000000000000000000000000031220120000000000397810000000000000001338                                    00                
0330002300028J00000199553600001459000442141581219140000100711CDMD COM DE VEICULOS AUTOMOTOR03122012000000000145900000000000000000000000000000000031220120000000001459000000000000000001339                                    00                
0330002300029J00035691553600000299400689070323490000004891523DISTRIBUIDORA AUTOMOTIVA S.A  03122012000000000029940000000000000000000000000000000031220120000000000299400000000000000001341                                    00                
0330002300030J00035694553600000180370689070323470000004891566DISTRIBUIDORA AUTOMOTIVA S.A  03122012000000000018037000000000000000000000000000000031220120000000000180370000000000000001342                                    00                
0330002300031J00023791553600000261320138092296000004301453000OBB CONSULTORIA E PARTICIPACOE03122012000000000026132000000000000000000000000000000031220120000000000261320000000000000001343                                    00                
0330002300032J00034194553600000080981124849344532938000052000EATON  LTDA                   03122012000000000008098000000000000000000000000000000031220120000000000080980000000000000001344                                    00                
0330002300033J00034194553600000276001125274888632938000052000EATON  LTDA                   03122012000000000027600000000000000000000000000000000031220120000000000276000000000000000001345                                    00                
0330002300034J00034192553600000049171124849344612938000052000EATON  LTDA                   03122012000000000004917000000000000000000000000000000031220120000000000049170000000000000001346                                    00                
0330002300035J00034197553600000065131125274916102938000052000EATON  LTDA                   03122012000000000006513000000000000000000000000000000031220120000000000065130000000000000001347                                    00                
0330002300036J00034192553600000297911124818122150548006287000ELETROPAR AUTOPECAS LTDA      03122012000000000029791000000000000000000000000000000031220120000000000297910000000000000001348                                    00                
0330002300037J00034194553600000591941090000458268052016014000IRMAOS FERRETI E CIA LTDA     03122012000000000059194000000000000000000000000000000031220120000000000591940000000000000001349                                    00                
0330002300038J00034199553600002247571126092005741446685057000KT COMP AUTOMOTIVOS LTDA      03122012000000000224757000000000000000000000000000000031220120000000002247570000000000000001350                                    00                
0330002300039J00023796553600001020352500090256567583800000340ODAPEL DISTR DE AUTO PECAS LTD03122012000000000102035000000000000000000000000000000031220120000000001020350000000000000001351                                    00                
0330002300040J00023794553600000509882500090256567583300000340ODAPEL DISTR DE AUTO PECAS LTD03122012000000000050988000000000000000000000000000000031220120000000000509880000000000000001352                                    00                
0330002300041J00023798553600000343302500090256567579400000340ODAPEL DISTR DE AUTO PECAS LTD03122012000000000034330000000000000000000000000000000031220120000000000343300000000000000001353                                    00                
0330002300042J00034197000000000000001219800627571012365225000PACAEMBU AUTO PECAS LTDA      03122012000000000107478000000000000000000000000000000031220120000000001074780000000000000001354                                    00                
0330002300043J00034193000000000000001219800627321012365225000PACAEMBU AUTO PECAS LTDA      03122012000000000500438000000000000000000000000000000031220120000000005004380000000000000001355                                    00                
0330002300044J00023799553600000275503484092275000123101129000PETRONAS LUBRIFICANTES BRASIL 03122012000000000027550000000000000000000000000000000031220120000000000275500000000000000001356                                    00                
0330002300045J00023797553600007338763484092275000074801129000PETRONAS LUBRIFICANTES BRASIL 03122012000000000733876000000000000000000000000000000031220120000000007338760000000000000001357                                    00                
0330002300046J00023793553600002669293484092275000075101129000PETRONAS LUBRIFICANTES BRASIL 03122012000000000266929000000000000000000000000000000031220120000000002669290000000000000001358                                    00                
0330002300047J00023794553600000233323484092291000014201129000PETRONAS LUBRIFICANTES BRASIL 03122012000000000023332000000000000000000000000000000031220120000000000233320000000000000001359                                    00                
0330002300048J00039997553600006369462053187214305313093513001REAL MOTO PECAS LTDA          03122012000000000636946000000000000000000000000000000031220120000000006369460000000000000001360                                    00                
0330002300049J00039995553600000318172053179606405313093513001REAL MOTO PECAS LTDA          03122012000000000031817000000000000000000000000000000031220120000000000318170000000000000001361                                    00                
0330002300050J00023792553600001333973395061180232823700028140REAL MOTO PECAS LTDA          03122012000000000133397000000000000000000000000000000031220120000000001333970000000000000001362                                    00                
0330002300051J00000195553600000278000000002175416000002733417SK AUTOMOTIVE S/A DIST AUTOPEC03122012000000000027800000000000000000000000000000000031220120000000000278000000000000000001363                                    00                
0330002300052J00039997553600000450061763026948204540079149001BANCO SOFISA SA               03122012000000000045006000000000000000000000000000000031220120000000000450060000000000000001364                                    00                
0330002300053J00039991553600000019321763026949004540079149001BANCO SOFISA SA               03122012000000000001932000000000000000000000000000000031220120000000000019320000000000000001365                                    00                
0330002300054J00039991553600000078312400418441206573205239001RODONAVES TRANSP E ENCOMENDAS 03122012000000000007831000000000000000000000000000000031220120000000000078310000000000000001366                                    00                
0330002300055J00039995553600001946562400418440406573205239001RODONAVES TRANSP E ENCOMENDAS 03122012000000000194656000000000000000000000000000000031220120000000001946560000000000000001367                                    00                
0330002300056J00023792553400000525962372196600095755600360080TELEFONICA BRASIL S/A         01122012000000000052596000000000000000000000000000000031220120000000000525960000000000000001371                                    00                
03300025         000058000000000005851104000000000000000000                                                                                                                                                                                     
03300031C2011010 205437537000137003300650049002805030006550000480000414 AUTO GERAL DE ITU LTDA                                                AV DR OCTAVIANO PEREIRA MENDES01333               ITU                 13301000SP                  
0330003300001O00084800000012330000895924709999994426828011773NEXTEL TELECOMUNICACOES LTDA  03122012031220120000000001233001368                                                                                                                  
0330003300002B   000000000000000                              00000                                                  00000000  031220120000000000000000000000000000000000000000000000000000000000000000000000000000              0000000        
0330003300003O00084810000007075500895924559999994426828281773NEXTEL TELECOMUNICACOES LTDA  03122012031220120000000000707551369                                                                                                                  
0330003300004B   000000000000000                              00000                                                  00000000  031220120000000000000000000000000000000000000000000000000000000000000000000000000000              0000000        
0330003300005O00084810000004348200895924899999994426827931773NEXTEL TELECOMUNICACOES LTDA  03122012031220120000000000434821370                                                                                                                  
0330003300006B   000000000000000                              00000                                                  00000000  031220120000000000000000000000000000000000000000000000000000000000000000000000000000              0000000        
0330003300007O00083690000003132201103001625328000210005915015CIA PIRATININGA DE FORCA E LUZ03122012031220120000000000313221372                                                                                                                  
0330003300008B   000000000000000                              00000                                                  00000000  031220120000000000000000000000000000000000000000000000000000000000000000000000000000              0000000        
0330003300009O00083640000003143201103002331516760210001465384CIA PIRATININGA DE FORCA E LUZ03122012031220120000000000314321373                                                                                                                  
0330003300010B   000000000000000                              00000                                                  00000000  031220120000000000000000000000000000000000000000000000000000000000000000000000000000              0000000        
03300035         000012000000000000300291                                                                                                                                                                                                       
03399999         000003000075                                                                                                                                                                                                                   
