03300000         2054375370001370033006500490028050300065 0000480000414 AUTO GERAL DE ITU LTDA        BANCO SANTANDER                         10404201310283800013406000000                                        G4016PF00531               G4
03300011C2030030 205437537000137003300650049002805030006550000480000414 AUTO GERAL DE ITU LTDA                                                AV DR OCTAVIANO PEREIRA MENDES01333               ITU                 13301000SP                  
0330001300001J00003399565800000090009185433000000002011200203BECAP COM DE AUTO PECAS LTDA  04042013000000000009000000000000000000000000000000000040420130000000000090000000000000000005525                                    00                
0330001300002J00003398565800000390009151176900000230169490102INFOR-REL COM SERV LTDA EPP   04042013000000000039000000000000000000000000000000000040420130000000000390000000000000000005539                                    00                
0330001300003J00003397565800000613659492147000000000590720104J FREITAS COM IMP E EXP LTDA  04042013000000000061365000000000000000000000000000000040420130000000000613650000000000000005541                                    00                
03300015         000005000000000000109365000000000000000000                                                                                                                                                                                     
03300021C2031030 205437537000137003300650049002805030006550000480000414 AUTO GERAL DE ITU LTDA                                                AV DR OCTAVIANO PEREIRA MENDES01333               ITU                 13301000SP                  
0330002300001J00042292565800005232187002020087700056608815511BANCO SAFRA S/A               04042013000000000523218000000000000000000000000000000040420130000000005232180000000000000005524                                    00                
0330002300002J00023793565800000356333114091396487019301763000BODIPASA BOMBAS DIESEL PAULIST04042013000000000035633000000000000000000000000000000040420130000000000356330000000000000005526                                    00                
0330002300003J00000198565800000408071823850974129130010401917CAMPINAS DIESEL LTDA          04042013000000000040807000000000000000000000000000000040420130000000000408070000000000000005527                                    00                
0330002300004J00034192565800000036501129128286730076000777000CENTER PECAS FABBRI LTDA      04042013000000000003650000000000000000000000000000000040420130000000000036500000000000000005528                                    00                
0330002300005J00034196565800000061001129128286080076000777000CENTER PECAS FABBRI LTDA      04042013000000000006100000000000000000000000000000000040420130000000000061000000000000000005529                                    00                
0330002300006J00023793565800004874413396092356000000700008270CINPAL CIA IND DE PECAS P/ AUT04042013000000000487441000000000000000000000000000000040420130000000004874410000000000000005530                                    00                
0330002300007J00023791565800000420350119060000001057900682000CORCERAMA COM DE AUTOPECAS LTD04042013000000000042035000000000000000000000000000000040420130000000000420350000000000000005531                                    00                
0330002300008J00000192565800000568000000001563680000003198217DIRECOES HIDRAULICAS LONDRINA 04042013000000000056800000000000000000000000000000000040420130000000000568000000000000000005532                                    00                
0330002300009J00035699565800000248900689070323450000003269246DISTRIBUIDORA AUTOMOTIVA S.A. 04042013000000000024890000000000000000000000000000000040420130000000000248900000000000000005533                                    00                
0330002300010J00023795565800000315540138093066000000701453000OBB CONSULTORIA E PARTICIPACOE04042013000000000031554000000000000000000000000000000040420130000000000315540000000000000005534                                    00                
0330002300011J00034192565800000837531129619080200249809195000DRIVEWAY INDUSTRIA BRASILEIRA 04042013000000000083753000000000000000000000000000000040420130000000000837530000000000000005535                                    00                
0330002300012J00034194565800000225321090304729150109276204000GIRANDO COMERCIO DE PECAS LTDA04042013000000000022532000000000000000000000000000000040420130000000000225320000000000000005536                                    00                
0330002300013J00034191565800000201091090304734260109276204000GIRANDO COMERCIO DE PECAS LTDA04042013000000000020109000000000000000000000000000000040420130000000000201090000000000000005537                                    00                
0330002300014J00034198565800002547671090006648590054846332000GT COMERCIO DE LUBRIFICANTES L04042013000000000254767000000000000000000000000000000040420130000000002547670000000000000005538                                    00                
0330002300015J00039999565800000155531770593186003280030090001ITAVEMA ITALIA VEICULOS E MAQU04042013000000000015553000000000000000000000000000000040420130000000000155530000000000000005540                                    00                
0330002300016J00023792565800001584453372091130780536000731020MAGGI AUTOMOVEIS LTDA         04042013000000000158445000000000000000000000000000000040420130000000001584450000000000000005542                                    00                
0330002300017J00023791565800000313013372090000006040900584500MAGGI CAMINHOES LTDA          04042013000000000031301000000000000000000000000000000040420130000000000313010000000000000005543                                    00                
0330002300018J00023796565800000247003372097672311634300767230MAGGI VEICULOS LTDA           04042013000000000024700000000000000000000000000000000040420130000000000247000000000000000005544                                    00                
0330002300019J00023794565800000155533372097672311787000767230MAGGI VEICULOS LTDA           04042013000000000015553000000000000000000000000000000040420130000000000155530000000000000005545                                    00                
0330002300020J00034194565800006298101128909015672938025125000MAHLE METAL LEVE S/A          04042013000000000629810000000000000000000000000000000040420130000000006298100000000000000005546                                    00                
0330002300021J00034197565800003686591128909015832938025125000MAHLE METAL LEVE S/A          04042013000000000368659000000000000000000000000000000040420130000000003686590000000000000005547                                    00                
0330002300022J00034191565800000843721128909016332938025125000MAHLE METAL LEVE S/A          04042013000000000084372000000000000000000000000000000040420130000000000843720000000000000005548                                    00                
0330002300023J00034192565800000118561128909015752938025125000MAHLE METAL LEVE S/A          04042013000000000011856000000000000000000000000000000040420130000000000118560000000000000005549                                    00                
0330002300024J00034191565800000459131128909015912938025125000MAHLE METAL LEVE S/A          04042013000000000045913000000000000000000000000000000040420130000000000459130000000000000005550                                    00                
0330002300025J00034191565800000220501128909016092938025125000MAHLE METAL LEVE S/A          04042013000000000022050000000000000000000000000000000040420130000000000220500000000000000005551                                    00                
0330002300026J00034191565800000224741128909016172938025125000MAHLE METAL LEVE S/A          04042013000000000022474000000000000000000000000000000040420130000000000224740000000000000005552                                    00                
0330002300027J00034191565800000171521128909016252938025125000MAHLE METAL LEVE S/A          04042013000000000017152000000000000000000000000000000040420130000000000171520000000000000005553                                    00                
0330002300028J00023791565800000207512500090256574943400000340ODAPEL DISTRIBUIDORA DE AUTO P04042013000000000020751000000000000000000000000000000040420130000000000207510000000000000005554                                    00                
0330002300029J00023791565800000395612500090256575008800000340ODAPEL DISTRIBUIDORA DE AUTO P04042013000000000039561000000000000000000000000000000040420130000000000395610000000000000005555                                    00                
0330002300030J00023792565800000763002500090256574996200000340ODAPEL DISTRIBUIDORA DE AUTO P04042013000000000076300000000000000000000000000000000040420130000000000763000000000000000005556                                    00                
0330002300031J00039995565800001072282696558961804540096965001PELLEGRINO DISTRIBUIDORA DE AU04042013000000000107228000000000000000000000000000000040420130000000001072280000000000000005557                                    00                
0330002300032J00023791565800000283343484093036000094101129000PETRONAS LUBRIFICANTES BRASIL 04042013000000000028334000000000000000000000000000000040420130000000000283340000000000000005558                                    00                
0330002300033J00023796565800004999493484093064000094701129000PETRONAS LUBRIFICANTES BRASIL 04042013000000000499949000000000000000000000000000000040420130000000004999490000000000000005559                                    00                
0330002300034J00034196565800001890751129587183900191074004000POLIPECAS COMERCIAL E IMPORTAD04042013000000000189075000000000013235000000000000000040420130000000001758400000000000000005560                                    00                
0330002300035J00000191565800002428600000001597457132189959617PETROBRAS DISTRIBUIDORA       04042013000000000242860000000000000000000000000000000040420130000000002428600000000000000005561                                    00                
0330002300036J00000199565800002976180000001597457132189959317PETROBRAS DISTRIBUIDORA       04042013000000000297618000000000000000000000000000000040420130000000002976180000000000000005562                                    00                
0330002300037J00000193565800002997100000001597457132189959917PETROBRAS DISTRIBUIDORA       04042013000000000299710000000000000000000000000000000040420130000000002997100000000000000005563                                    00                
0330002300038J00000199565800001110100000001597457132189991717PETROBRAS DISTRIBUIDORA       04042013000000000111010000000000000000000000000000000040420130000000001110100000000000000005564                                    00                
0330002300039J00000192565800005411270000001597457132189960217PETROBRAS DISTRIBUIDORA       04042013000000000541127000000000000000000000000000000040420130000000005411270000000000000005565                                    00                
0330002300040J00042291565800002818857016000074602514001695331RAYTON INDUSTRIAL SA          04042013000000000281885000000000000000000000000000000040420130000000002818850000000000000005566                                    00                
0330002300041J00039999565800000685012995130521705313093513001REAL MOTO PECAS LTDA          04042013000000000068501000000000000000000000000000000040420130000000000685010000000000000005567                                    00                
0330002300042J00039996565800001112192995130720105313093513001REAL MOTO PECAS LTDA          04042013000000000111219000000000000000000000000000000040420130000000001112190000000000000005568                                    00                
0330002300043J00023792565800001667863395061180232950100028140ROCHESTER DISTRIBUIDORA DE AUT04042013000000000166786000000000000000000000000000000040420130000000001667860000000000000005569                                    00                
03300025         000045000000000006149806000000000000000000                                                                                                                                                                                     
03399999         000002000052                                                                                                                                                                                                                   
