03300000         2054375370001370033006500490028050300065 0000480000414 AUTO GERAL DE ITU LTDA        BANCO SANTANDER                         10412201210560800004406000000                                        G4016PF00528               G4
03300011C2003031 2054375370001370033006500490028050300065 0000480000414 AUTO GERAL DE ITU LTDA                                                AV DR OCTAVIANO PEREIRA MENDES01333               ITU                 13301000SP                  
0330001300001A00070039900454000000000575219TRELLEBORG AUTOMOTIVE DO BRASI1426                04122012BRL000000000000000000000000097637                    00000000000000000000000                                        07          0          
0330001300002B   203249921000180                              00000                                                  00000000  041220120000000000976370000000000000000000000000000000000000000000000000000000000000000           00000          
0330001300003A0000181040123400003000013382 MARCOS PAIVA DUQUE ESTRADA ME 1427                04122012BRL000000000000000000000000715000                    00000000000000000000000                                        07          0          
0330001300004B   209577113000129                              00000                                                  00000000  041220120000000007150000000000000000000000000000000000000000000000000000000000000000000           00000          
03300015         000006000000000000812637000000000000000000                                                                                                                                                                                     
03300021C2030030 205437537000137003300650049002805030006550000480000414 AUTO GERAL DE ITU LTDA                                                AV DR OCTAVIANO PEREIRA MENDES01333               ITU                 13301000SP                  
0330002300001J00003391553700002080369329854000000000097250203LEAL CARNEIRO E CIA LTDA      04122012000000000208036000000000000000000000000000000041220120000000002080360000000000000001414                                    00                
03300025         000003000000000000208036000000000000000000                                                                                                                                                                                     
03300031C2031030 205437537000137003300650049002805030006550000480000414 AUTO GERAL DE ITU LTDA                                                AV DR OCTAVIANO PEREIRA MENDES01333               ITU                 13301000SP                  
0330003300001J00034198553700000138671125318889422938000052000EATON  LTDA                   04122012000000000013867000000000000000000000000000000041220120000000000138670000000000000001408                                    00                
0330003300002J00039991553700000544451761638776604570524809001F CONFUORTO IND COM PCS LTDA  04122012000000000054445000000000000000000000000000000041220120000000000544450000000000000001409                                    00                
0330003300003J00039999553700001025181763494287404570524809001F CONFUORTO IND COM PCS LTDA  04122012000000000102518000000000000000000000000000000041220120000000001025180000000000000001410                                    00                
0330003300004J00034199553700000270691125116038650046365078000FELICIO VIGORITO FILHOS LTDA  04122012000000000027069000000000000000000000000000000041220120000000000270690000000000000001411                                    00                
0330003300005J00023791553700000810001286092277000004600121220LANCE CAPITAL FACTORING E FOME04122012000000000081000000000000000000000000000000000041220120000000000810000000000000000001412                                    00                
0330003300006J00034199553700000270981090000189080242411544000GLOBAL FLEX IMPRESS FLEX LTDA 04122012000000000027098000000000000000000000000000000041220120000000000270980000000000000001413                                    00                
0330003300007J00034195553700000744991124653154258351016152000MANDO MACHINERY LTDA          04122012000000000074499000000000000000000000000000000041220120000000000744990000000000000001415                                    00                
0330003300008J00023797553700002661442028192326000002500375550MASTER SISTEMAS AUTOMOTIVOS LT04122012000000000266144000000000000000000000000000000041220120000000002661440000000000000001416                                    00                
0330003300009J00023796553700000687443394090000009290800324600MORELATE DISTR AUTOPECAS LTDA 04122012000000000068744000000000000000000000000000000041220120000000000687440000000000000001417                                    00                
0330003300010J00023791553700000253200151097777002759201515190NOSSO ESTOQUE DISTRIBUICAO LTD04122012000000000025320000000000000000000000000000000041220120000000000253200000000000000001418                                    00                
0330003300011J00034195553700002104611126200558583048155083000PARQUE DIST SUPRIMENTOS PARA E04122012000000000210461000000000000000000000000000000041220120000000002104610000000000000001419                                    00                
0330003300012J00039997553700007167052053177714005313093513001REAL MOTO PECAS LTDA          04122012000000000716705000000000000000000000000000000041220120000000007167050000000000000001420                                    00                
0330003300013J00023791553700001333163372091123260496300731020MAGGI AUTOMOVEIS LTDA         04122012000000000133316000000000000000000000000000000041220120000000001333160000000000000001421                                    00                
0330003300014J00034199553700000919021090000001650278683974000CRISTIANE R A FERNANDES ME    04122012000000000091902000000000000000000000000000000041220120000000000919020000000000000001422                                    00                
0330003300015J00000196553700001200000000002384522000000011417MPB MAQUINAS 2007 IND COM E SE04122012000000000120000000000000000000000000000000000041220120000000001200000000000000000001423                                    00                
03300035         000017000000000002013088000000000000000000                                                                                                                                                                                     
03300041C2011010 205437537000137003300650049002805030006550000480000414 AUTO GERAL DE ITU LTDA                                                AV DR OCTAVIANO PEREIRA MENDES01333               ITU                 13301000SP                  
0330004300001O00084670000001804310291127538347574011128121201TELEFONICA                    04122012041220120000000000180431424                                                                                                                  
0330004300002B   000000000000000                              00000                                                  00000000  041220120000000000000000000000000000000000000000000000000000000000000000000000000000              0000000        
03300045         000004000000000000018043                                                                                                                                                                                                       
03399999         000004000032                                                                                                                                                                                                                   
