03300000         2054375370001370033006500490028050300065 0000480000414 AUTO GERAL DE ITU LTDA        BANCO SANTANDER                         10401201310295500006606000000                                        G4016PF00528               G4
03300011C2030030 205437537000137003300650049002805030006550000480000414 AUTO GERAL DE ITU LTDA                                                AV DR OCTAVIANO PEREIRA MENDES01333               ITU                 13301000SP                  
0330001300001J00003396556800000469219513931700000103700800101DISTRIBUIDORA AUTOMOTIVA S/A  04012013000000000046921000000000000000000000000000000040120130000000000469210000000000000002585                                    00                
0330001300002J00003393556800001357399421259200000000418660101GUMP MOTORS COMPONENTES AUTOMO04012013000000000135739000000000000000000000000000000040120130000000001357390000000000000002594                                    00                
0330001300003J00003398556800000417609512606100000031798260101SERRAF DISTR DE PECAS PARA MOT04012013000000000041760000000000000000000000000000000040120130000000000417600000000000000002614                                    00                
03300015         000005000000000000224420000000000000000000                                                                                                                                                                                     
03300021C2031030 205437537000137003300650049002805030006550000480000414 AUTO GERAL DE ITU LTDA                                                AV DR OCTAVIANO PEREIRA MENDES01333               ITU                 13301000SP                  
0330002300001J00023791556800000075603371090000833829500719500AVEBRAZ COMERCIO DE VEICULOS E04012013000000000007560000000000000000000000000000000040120130000000000075600000000000000002575                                    00                
0330002300002J00039997556800000377161765527902404061860231001CAR CENTRAL DE AUTOPECAS E ROL04012013000000000037716000000000000000000000000000000040120130000000000377160000000000000002576                                    00                
0330002300003J00034199556800000018301126648869520076000777000CENTER PECAS FABBRI LTDA      04012013000000000001830000000000000000000000000000000040120130000000000018300000000000000002577                                    00                
0330002300004J00034193556800000025001126648869110076000777000CENTER PECAS FABBRI LTDA      04012013000000000002500000000000000000000000000000000040120130000000000025000000000000000002578                                    00                
0330002300005J00034191556800000398001126648869370076000777000CENTER PECAS FABBRI LTDA      04012013000000000039800000000000000000000000000000000040120130000000000398000000000000000002579                                    00                
0330002300006J00034193556800000190001126648869290076000777000CENTER PECAS FABBRI LTDA      04012013000000000019000000000000000000000000000000000040120130000000000190000000000000000002580                                    00                
0330002300007J00039997556800000352531766106711002680075859001COBRA ROLAMENTOS E AUTO PECAS 04012013000000000035253000000000000000000000000000000040120130000000000352530000000000000002581                                    00                
0330002300008J00023791556800000230823262090000030444900935470COMDIP COMERCIAL DISTR DE PECA04012013000000000023082000000000000000000000000000000040120130000000000230820000000000000002582                                    00                
0330002300009J00023798556800000688032002061201387765100829680COMERCIAL AUTOMOTIVA S.A.     04012013000000000068803000000000000000000000000000000040120130000000000688030000000000000002583                                    00                
0330002300010J00034191556800000886981571038231964522114471000COML NV MILLENNIUN A P LTDA EP04012013000000000088698000000000004434000000000000000040120130000000000842640000000000000002584                                    00                
0330002300011J00035696556800000260480689070323420000004896776DISTRIBUIDORA AUTOMOTIVA S/A  04012013000000000026048000000000000000000000000000000040120130000000000260480000000000000002586                                    00                
0330002300012J00035693556800000168830689070323410000004896744DISTRIBUIDORA AUTOMOTIVA S/A  04012013000000000016883000000000000000000000000000000040120130000000000168830000000000000002587                                    00                
0330002300013J00023791556800000261870138092328000003201453000OBB CONSULTORIA E PARTICIPACOE04012013000000000026187000000000000000000000000000000040120130000000000261870000000000000002588                                    00                
0330002300014J00034191556800000200581125779387752938000052000EATON LTDA                    04012013000000000020058000000000000000000000000000000040120130000000000200580000000000000002589                                    00                
0330002300015J00034194556800000327581125779387002938000052000EATON LTDA                    04012013000000000032758000000000000000000000000000000040120130000000000327580000000000000002590                                    00                
0330002300016J00034197556800000157111126689657522938000052000EATON LTDA                    04012013000000000015711000000000000000000000000000000040120130000000000157110000000000000002591                                    00                
0330002300017J00034196556800002057531126905308712938017569000FRAS-LE S/A                   04012013000000000205753000000000000000000000000000000040120130000000002057530000000000000002592                                    00                
0330002300018J00034198556800003943831090304286440109276204000GIRANDO COMERCIO DE PECAS LTDA04012013000000000394383000000000000000000000000000000040120130000000003943830000000000000002593                                    00                
0330002300019J00023792556800000605803180091323401363000158190GUPE DISTR DE AUTOPECAS LTDA  04012013000000000060580000000000000000000000000000000040120130000000000605800000000000000002595                                    00                
0330002300020J00023799556800001950050284091321210552200742060INDUSTRIAS DEL RECAMBIO DO BRA04012013000000000195005000000000000000000000000000000040120130000000001950050000000000000002596                                    00                
0330002300021J00023792556800000305320284091321210552400742060INDUSTRIAS DEL RECAMBIO DO BRA04012013000000000030532000000000000000000000000000000040120130000000000305320000000000000002597                                    00                
0330002300022J00023795556800001040920284091321210552300742060INDUSTRIAS DEL RECAMBIO DO BRA04012013000000000104092000000000000000000000000000000040120130000000001040920000000000000002598                                    00                
0330002300023J00023798556800001427421911092311000001600178030LNG IMP EXP DE AUTOPECAS LTDA 04012013000000000142742000000000000000000000000000000040120130000000001427420000000000000002599                                    00                
0330002300024J00023799556800000090803372094000204506500400020MAGGI LE NOM AUTOMOTORES LTDA 04012013000000000009080000000000000000000000000000000040120130000000000090800000000000000002600                                    00                
0330002300025J00034199556800001750881126583557330018418673000MARTIN C C DIST AUTO PEC LTDA 04012013000000000175088000000000000000000000000000000040120130000000001750880000000000000002601                                    00                
0330002300026J00034196556800003185131816112261750452910011000ONIN DISTR DE AUTOPECAS LTDA  04012013000000000318513000000000000000000000000000000040120130000000003185130000000000000002602                                    00                
0330002300027J00023798556800000359020151091323560035501251750PECA MAIS COMERCIO DE AUTO PEC04012013000000000035902000000000000000000000000000000040120130000000000359020000000000000002603                                    00                
0330002300028J00039991556800000246818144667446304540096965001PELLEGRINO DISTRIBUIDORA DE AU04012013000000000024681000000000000000000000000000000040120130000000000246810000000000000002604                                    00                
0330002300029J00039995556800000575808144667440404540096965001PELLEGRINO DISTRIBUIDORA DE AU04012013000000000057580000000000000000000000000000000040120130000000000575800000000000000002605                                    00                
0330002300030J00000192556800000850680000001597457122148168917PETROBRAS DISTRIBUIDORA       04012013000000000085068000000000000000000000000000000040120130000000000850680000000000000002606                                    00                
0330002300031J00000197556800000967250000001597457122148169917PETROBRAS DISTRIBUIDORA       04012013000000000096725000000000000000000000000000000040120130000000000967250000000000000002607                                    00                
0330002300032J00000196556800001343430442876992333200000052731RAYTON INDUSTRIAL SA          04012013000000000134343000000000000000000000000000000040120130000000001343430000000000000002608                                    00                
0330002300033J00023798556800003141423372092339000045005187730RCD COMERCIO  E INDUSTRIA LTDA04012013000000000314142000000000000000000000000000000040120130000000003141420000000000000002609                                    00                
0330002300034J00039991556800001518602315344381505313093513001REAL MOTO PECAS LTDA          04012013000000000151860000000000000000000000000000000040120130000000001518600000000000000002610                                    00                
0330002300035J00039994556800010852472315343501405313093513001REAL MOTO PECAS LTDA          04012013000000001085247000000000000000000000000000000040120130000000010852470000000000000002611                                    00                
0330002300036J00039995556800000899942315331886705313093513001REAL MOTO PECAS LTDA          04012013000000000089994000000000000000000000000000000040120130000000000899940000000000000002612                                    00                
0330002300037J00023795556800000134002857091323400706600000320RIO PARDO COMERCIAL E DISTRIBU04012013000000000013400000000000000000000000000000000040120130000000000134000000000000000002613                                    00                
0330002300038J00000191556800000504040000002175416000003002217SK AUTOMOTIVE S/A DISTR AUTOPE04012013000000000050404000000000000000000000000000000040120130000000000504040000000000000002615                                    00                
0330002300039J00000195556800000930630442891154034200002431331ZM S/A                        04012013000000000093063000000000000000000000000000000040120130000000000930630000000000000002616                                    00                
0330002300040J00034191556800001060501090000009670278683974000CRISTIANE R A FERNANDES ME    04012013000000000106050000000000000000000000000000000040120130000000001060500000000000000002617                                    00                
0330002300041J00023791556800000462002709091323420000700357460E. C. F MANOEL - EPP          04012013000000000046200000000000000000000000000000000040120130000000000462000000000000000002618                                    00                
03300025         000043000000000004477880000000000000000000                                                                                                                                                                                     
03399999         000002000050                                                                                                                                                                                                                   
