03300000         2054375370001370033006500490028050300065 0000480000414 AUTO GERAL DE ITU LTDA        BANCO SANTANDER                         10402201310512600009106000000                                        G4016PF00528               G4
03300011C2003031 2054375370001370033006500490028050300065 0000480000414 AUTO GERAL DE ITU LTDA                                                AV DR OCTAVIANO PEREIRA MENDES01333               ITU                 13301000SP                  
0330001300001A0007000010154660000002050374 GERAL PARTS COM PECAS E ABRASI3542                04022013BRL000000000000000000000000007752                    00000000000000000000000                                        07          0          
0330001300002B   252472438000176                              00000                                                  00000000  040220130000000000077520000000000000000000000000000000000000000000000000000000000000000           00000          
03300015         000004000000000000007752000000000000000000                                                                                                                                                                                     
03300021C2030030 205437537000137003300650049002805030006550000480000414 AUTO GERAL DE ITU LTDA                                                AV DR OCTAVIANO PEREIRA MENDES01333               ITU                 13301000SP                  
0330002300001J00003397559800001357409421259200000000418820101GUMP MOTORS COMPONENTES AUTOMO03022013000000000135740000000000000000000000000000000040220130000000001357400000000000000003482                                    00                
0330002300002J00003391559900001745189482966200000024119700104CAR CENTRAL DE AUTOPECAS E ROL04022013000000000174518000000000000000000000000000000040220130000000001745180000000000000003492                                    00                
0330002300003J00003391559900015321069148017000000001856200104IND E COM AUTO PECAS REI LTDA 04022013000000001532106000000000000000000000000000000040220130000000015321060000000000000003512                                    00                
03300025         000005000000000001842364000000000000000000                                                                                                                                                                                     
03300031C2031030 205437537000137003300650049002805030006550000480000414 AUTO GERAL DE ITU LTDA                                                AV DR OCTAVIANO PEREIRA MENDES01333               ITU                 13301000SP                  
0330003300001J00034197559800000473201126821356140237417159000ACCIOLY SA IMP E COM          03022013000000000047320000000000000000000000000000000040220130000000000473200000000000000003473                                    00                
0330003300002J00034191559800000214441127371887660237417159000ACCIOLY SA IMP E COM          03022013000000000021444000000000000000000000000000000040220130000000000214440000000000000003474                                    00                
0330003300003J00034191559800000834061127176959050237417159000ACCIOLY SA IMP E COM          03022013000000000083406000000000000000000000000000000040220130000000000834060000000000000003475                                    00                
0330003300004J00034191559800000047701127338650520076000777000CENTER PECAS FABBRI LTDA      03022013000000000004770000000000000000000000000000000040220130000000000047700000000000000003476                                    00                
0330003300005J00034198559800000141501127338650450076000777000CENTER PECAS FABBRI LTDA      03022013000000000014150000000000000000000000000000000040220130000000000141500000000000000003477                                    00                
0330003300006J00000195559800008054634584340000000000000002021DB DISTRIBUIDORA DE BATERIAS L03022013000000000805463000000000000000000000000000000040220130000000008054630000000000000003478                                    00                
0330003300007J00034196559800000563191126774932262938000052000EATON LTDA                    03022013000000000056319000000000000000000000000000000040220130000000000563190000000000000003479                                    00                
0330003300008J00034195559800002610551127179782442938000052000EATON LTDA                    03022013000000000261055000000000000000000000000000000040220130000000002610550000000000000003480                                    00                
0330003300009J00034191559800000589501127179792752938000052000EATON LTDA                    03022013000000000058950000000000000000000000000000000040220130000000000589500000000000000003481                                    00                
0330003300010J00023791559800000273482709091330295169400148090GUETTI COML ATACADISTA LTDA   03022013000000000027348000000000000000000000000000000040220130000000000273480000000000000003483                                    00                
0330003300011J00023797559800001427431911092311000001700178030LNG IMP EXP DE AUTOPECAS LTDA 03022013000000000142743000000000000000000000000000000040220130000000001427430000000000000003484                                    00                
0330003300012J00023791559800002330842500090256570907200000340ODAPEL DISTRIBUIDORA DE AUTO P03022013000000000233084000000000000000000000000000000040220130000000002330840000000000000003485                                    00                
0330003300013J00023791559800003141423372093004000012605187730RCD COMERCIO  E INDUSTRIA LTDA03022013000000000314142000000000000000000000000000000040220130000000003141420000000000000003486                                    00                
0330003300014J00000192559800000454000443790642233260008018911T-PARTS COML E IMP DE AUTOPECA03022013000000000045400000000000000000000000000000000040220130000000000454000000000000000003487                                    00                
0330003300015J00000195559900001362280443038352418690003493111J. INVEST MAXX FACTORING FOMEN04022013000000000136228000000000000000000000000000000040220130000000001362280000000000000003488                                    00                
0330003300016J00039998559900000146751767802812611960078237001BAP AUTOMOTIVA LTDA           04022013000000000014675000000000000000000000000000000040220130000000000146750000000000000003489                                    00                
0330003300017J00000197559900001791061823850721529130010401917CAMPINAS DIESEL LTDA          04022013000000000179106000000000000000000000000000000040220130000000001791060000000000000003490                                    00                
0330003300018J00034198559900000224001561663018744518080884000CAMPOS SALLES C LTDA EPP      04022013000000000022400000000000000000000000000000000040220130000000000224000000000000000003491                                    00                
0330003300019J00039994559900000144431767010722104061860231001CAR CENTRAL DE AUTOPECAS E ROL04022013000000000014443000000000000000000000000000000040220130000000000144430000000000000003493                                    00                
0330003300020J00000191559900000968000442958899719140000100711CDMD COM DE VEICULOS AUTOMOTOR04022013000000000096800000000000000000000000000000000040220130000000000968000000000000000003494                                    00                
0330003300021J00034191559900000031001127338650600076000777000CENTER PECAS FABBRI LTDA      04022013000000000003100000000000000000000000000000000040220130000000000031000000000000000003495                                    00                
0330003300022J00034192559900000070501127338650370076000777000CENTER PECAS FABBRI LTDA      04022013000000000007050000000000000000000000000000000040220130000000000070500000000000000003496                                    00                
0330003300023J00023799559900000465973262090000033541800935470CENTER PECAS FABBRI LTDA      04022013000000000046597000000000000000000000000000000040220130000000000465970000000000000003497                                    00                
0330003300024J00023794559900000670653395001300005902900086350DECAR AUTOPECAS LTDA          04022013000000000067065000000000000000000000000000000040220130000000000670650000000000000003498                                    00                
0330003300025J00023792559900000075003398190000023054501324600DIBRACAM COMERCIAL LTDA       04022013000000000007500000000000000000000000000000000040220130000000000075000000000000000003499                                    00                
0330003300026J00035691559900000314200689070323400000003260257DISTRIBUIDORA AUTOMOTIVA S/A  04022013000000000031420000000000000000000000000000000040220130000000000314200000000000000003500                                    00                
0330003300027J00035694559900000246800689070323490000003260340DISTRIBUIDORA AUTOMOTIVA S/A  04022013000000000024680000000000000000000000000000000040220130000000000246800000000000000003501                                    00                
0330003300028J00035691559900000334940689070323480000003260267DISTRIBUIDORA AUTOMOTIVA S/A  04022013000000000033494000000000000000000000000000000040220130000000000334940000000000000003502                                    00                
0330003300029J00023791559900000339780138093007000006301370000BBL SISTEMAS OPERACIONAIS LTDA04022013000000000033978000000000000000000000000000000040220130000000000339780000000000000003503                                    00                
0330003300030J00034196559900000212971127216695402938000052000EATON LTDA                    04022013000000000021297000000000000000000000000000000040220130000000000212970000000000000003504                                    00                
0330003300031J00034192559900000563191127216695652938000052000EATON LTDA                    04022013000000000056319000000000000000000000000000000040220130000000000563190000000000000003505                                    00                
0330003300032J00034199559900000864531127216696152938000052000EATON LTDA                    04022013000000000086453000000000000000000000000000000040220130000000000864530000000000000003506                                    00                
0330003300033J00023791559900000022050328090000002103600185330GENAU IND COM DE FREIOS LTDA  04022013000000000002205000000000000000000000000000000040220130000000000022050000000000000003507                                    00                
0330003300034J00034193559900002010711090304412170109276204000GIRANDO COMERCIO DE PECAS LTDA04022013000000000201071000000000000000000000000000000040220130000000002010710000000000000003508                                    00                
0330003300035J00034191559900000179991090304409530109276204000GIRANDO COMERCIO DE PECAS LTDA04022013000000000017999000000000000000000000000000000040220130000000000179990000000000000003509                                    00                
0330003300036J00034193559900000245421090304414980109276204000GIRANDO COMERCIO DE PECAS LTDA04022013000000000024542000000000000000000000000000000040220130000000000245420000000000000003510                                    00                
0330003300037J00034195559900002644001091724325981248027078000BANCO VOTORANTIM SA           04022013000000000264400000000000000000000000000000000040220130000000002644000000000000000003511                                    00                
0330003300038J00023799559900000300003372094000204504700400020MAGGI LE NOM AUTOMOTORES LTDA 04022013000000000030000000000000000000000000000000000040220130000000000300000000000000000003513                                    00                
0330003300039J00023793559900000255003372097672311634100767230MAGGI VEICULOS LTDA           04022013000000000025500000000000000000000000000000000040220130000000000255000000000000000003514                                    00                
0330003300040J00034199559900001650001127758162290017328824000MTE THOMSON IND COM LTDA      04022013000000000165000000000000000000000000000000000040220130000000001650000000000000000003515                                    00                
0330003300041J00034194559900002193733588930809210452842032000ONIN DISTR DE AUTOPECAS LTDA  04022013000000000219373000000000000000000000000000000040220130000000002193730000000000000003516                                    00                
0330003300042J00039991559900001488348144668697604540096965001PELLEGRINO DISTRIBUIDORA DE AU04022013000000000148834000000000000000000000000000000040220130000000001488340000000000000003517                                    00                
0330003300043J00034192559900001002941128026523240191074004000POLIPECAS COMERCIAL E IMPORTAD04022013000000000100294000000000007021000000000000000040220130000000000932730000000000000003518                                    00                
0330003300044J00039999559900005065343133509828805313093513001REAL MOTO PECAS LTDA          04022013000000000506534000000000000000000000000000000040220130000000005065340000000000000003519                                    00                
0330003300045J00039993559900000337853133500168305313093513001REAL MOTO PECAS LTDA          04022013000000000033785000000000000000000000000000000040220130000000000337850000000000000003520                                    00                
0330003300046J00039991559900000509513133508405805313093513001REAL MOTO PECAS LTDA          04022013000000000050951000000000000000000000000000000040220130000000000509510000000000000003521                                    00                
0330003300047J00039993559900000702642315395939005313093513001REAL MOTO PECAS LTDA          04022013000000000070264000000000000000000000000000000040220130000000000702640000000000000003522                                    00                
0330003300048J00000191559900000147930443677438419140000644711SHARK TRATORES E PECAS LTDA   04022013000000000014793000000000000000000000000000000040220130000000000147930000000000000003523                                    00                
0330003300049J00000196559900000321040000001572502000001805717SHARK TRATORES E PECAS LTDA   04022013000000000032104000000000000000000000000000000040220130000000000321040000000000000003524                                    00                
0330003300050J00000193559900000999500000001451450000036115217SK AUTOMOTIVE S/A DISTR AUTOPE04022013000000000099950000000000000000000000000000000040220130000000000999500000000000000003525                                    00                
0330003300051J00000195559900000594000442959157919140030527311SUPER CDMD COMERCIO DE VEICULO04022013000000000059400000000000000000000000000000000040220130000000000594000000000000000003526                                    00                
0330003300052J00000199559900000264360443790644133260008018911T-PARTS COML E IMP DE AUTOPECA04022013000000000026436000000000000000000000000000000040220130000000000264360000000000000003527                                    00                
0330003300053J00034199559900000207611125711949532938069560000TEMPO AUTOMOVEIS PECAS LTDA   04022013000000000020761000000000000000000000000000000040220130000000000207610000000000000003528                                    00                
0330003300054J00034191559900000142621127318333002938069560000TEMPO AUTOMOVEIS PECAS LTDA   04022013000000000014262000000000000000000000000000000040220130000000000142620000000000000003529                                    00                
0330003300055J00034192559900000122421126621267572938069560000TEMPO AUTOMOVEIS PECAS LTDA   04022013000000000012242000000000000000000000000000000040220130000000000122420000000000000003530                                    00                
0330003300056J00034198559900011598901127758169480017697418000THOMSON C I COM PROD AUT LTDA 04022013000000001159890000000000000000000000000000000040220130000000011598900000000000000003531                                    00                
0330003300057J00039992559900000753511767595844004540079149001BANCO SOFISA SA               04022013000000000075351000000000000000000000000000000040220130000000000753510000000000000003532                                    00                
0330003300058J00039997559900001068011767595842404540079149001BANCO SOFISA SA               04022013000000000106801000000000000000000000000000000040220130000000001068010000000000000003533                                    00                
0330003300059J00039992559900000730071767595843204540079149001BANCO SOFISA SA               04022013000000000073007000000000000000000000000000000040220130000000000730070000000000000003534                                    00                
0330003300060J00034194559900002333331127381661838513014608000SATTURNO SOROCABA TELEFONIA LT04022013000000000233333000000000023333000000000000000040220130000000002100000000000000000003535                                    00                
0330003300061J00034194559900001962001750059997950644188559000ATERA INFORMATICA LTDA        04022013000000000196200000000000000000000000000000000040220130000000001962000000000000000003536                                    00                
0330003300062J00034191559900000959641090000017750278683974000CRISTIANE R A FERNANDES ME    04022013000000000095964000000000000000000000000000000040220130000000000959640000000000000003537                                    00                
0330003300063J00023792559900004180493391020007157328900010210INTERSMART COM IMP EXP EQUIP E04022013000000000418049000000000000000000000000000000040220130000000004180490000000000000003538                                    00                
03300035         000065000000000007467140000000000000000000                                                                                                                                                                                     
03300041C2011010 205437537000137003300650049002805030006550000480000414 AUTO GERAL DE ITU LTDA                                                AV DR OCTAVIANO PEREIRA MENDES01333               ITU                 13301000SP                  
0330004300001O00084850000004918900894265699999992476404301833NEXTEL TELECOMUNICACOES LTDA  04022013040220130000000000491893539                                                                                                                  
0330004300002B   000000000000000                              00000                                                  00000000  040220130000000000000000000000000000000000000000000000000000000000000000000000000000              0000000        
0330004300003O00084850000007075500894265109999992476404611833NEXTEL TELECOMUNICACOES LTDA  04022013040220130000000000707553540                                                                                                                  
0330004300004B   000000000000000                              00000                                                  00000000  040220130000000000000000000000000000000000000000000000000000000000000000000000000000              0000000        
0330004300005O00084890000012338900894265599999992476404441833NEXTEL TELECOMUNICACOES LTDA  04022013040220130000000001233893541                                                                                                                  
0330004300006B   000000000000000                              00000                                                  00000000  040220130000000000000000000000000000000000000000000000000000000000000000000000000000              0000000        
03300045         000008000000000000243333                                                                                                                                                                                                       
03399999         000004000084                                                                                                                                                                                                                   
