03300000         2054375370001370033006500490028050300065 0000480000414 AUTO GERAL DE ITU LTDA        BANCO SANTANDER                         10403201311132500011006000000                                        G4016PF00529               G4
03300011C2030030 205437537000137003300650049002805030006550000480000414 AUTO GERAL DE ITU LTDA                                                AV DR OCTAVIANO PEREIRA MENDES01333               ITU                 13301000SP                  
0330001300001J00003398562700008804199121618000000004304200203TARANTO COML IMP E EXP        04032013000000000880419000000000000000000000000000000040320130000000008804190000000000000004514                                    00                
03300015         000003000000000000880419000000000000000000                                                                                                                                                                                     
03300021C2031030 205437537000137003300650049002805030006550000480000414 AUTO GERAL DE ITU LTDA                                                AV DR OCTAVIANO PEREIRA MENDES01333               ITU                 13301000SP                  
0330002300001J00023799562700012060680122093053000003001823810CODISA DISTRIBUIDORA DE AUTO P04032013000000001206068000000000000000000000000000000040320130000000012060680000000000000004506                                    00                
0330002300002J00023798562700014732210285093053000004400943470DISTRIBUIDORA BRASUL DE AUTOPE04032013000000001473221000000000000000000000000000000040320130000000014732210000000000000004507                                    00                
0330002300003J00034198562700022327291128649680225574053863000FAROL FOMENTO MERCANTIL LTDA  04032013000000002232729000000000000000000000000000000040320130000000022327290000000000000004508                                    00                
0330002300004J00034199562700008489041128649680305574053863000FAROL FOMENTO MERCANTIL LTDA  04032013000000000848904000000000000000000000000000000040320130000000008489040000000000000004509                                    00                
0330002300005J00039996562700008331168144670151704540096965001PELLEGRINO DISTRIBUIDORA DE AU04032013000000000833116000000000000000000000000000000040320130000000008331160000000000000004510                                    00                
0330002300006J00023794562500008726613484093030000049401129000PETRONAS LUBRIFICANTES BRASIL 02032013000000000872661000000000000000000000000000000040320130000000008726610000000000000004511                                    00                
0330002300007J00039998562700001447503133561442105313093513001REAL MOTO PECAS LTDA          04032013000000000144750000000000000000000000000000000040320130000000001447500000000000000004512                                    00                
0330002300008J00039995562700007153693133560591005313093513001REAL MOTO PECAS LTDA          04032013000000000715369000000000000000000000000000000040320130000000007153690000000000000004513                                    00                
0330002300009J00023791562700010336523178190000018340600421050TUPER DISTRIB. PROD. METALURGI04032013000000001033652000000000000000000000000000000040320130000000010336520000000000000004515                                    00                
0330002300010J00000195562700000530830000001148003000007378617VESPOR AUTOMOTIVE DIST DE AUTO04032013000000000053083000000000000000000000000000000040320130000000000530830000000000000004516                                    00                
03300025         000012000000000009413553000000000000000000                                                                                                                                                                                     
03399999         000002000017                                                                                                                                                                                                                   
