03300000         2054375370001370033006500490028050300065 0000480000414 AUTO GERAL DE ITU LTDA        BANCO SANTANDER                         10504201309574600013506000000                                        G4016PF00531               G4
03300011C2003031 2054375370001370033006500490028050300065 0000480000414 AUTO GERAL DE ITU LTDA                                                AV DR OCTAVIANO PEREIRA MENDES01333               ITU                 13301000SP                  
0330001300001A0007002370036400000000335762 PORTO BORRACHAS DISTRIBUIDORA 5619                05042013BRL000000000000000000000000069465                    00000000000000000000000                                        07          0          
0330001300002B   208882352000120                              00000                                                  00000000  050420130000000000694650000000000000000000000000000000000000000000000000000000000000000           00000          
03300015         000004000000000000069465000000000000000000                                                                                                                                                                                     
03300021C2030030 205437537000137003300650049002805030006550000480000414 AUTO GERAL DE ITU LTDA                                                AV DR OCTAVIANO PEREIRA MENDES01333               ITU                 13301000SP                  
0330002300001J00003396565900001333359513931700000104493020101DISTRIBUIDORA AUTOMOTIVA S.A. 05042013000000000133335000000000000000000000000000000050420130000000001333350000000000000005584                                    00                
0330002300002J00003398565900001059669499820000000000515000104KS PRODUTOS AUTOMOTIVOS LTDA  05042013000000000105966000000000000000000000000000000050420130000000001059660000000000000005592                                    00                
0330002300003J00003397565900001256619489019100000092447000104KSPG AUTOMOTIVE BRASIL LTDA   05042013000000000125661000000000000000000000000000000050420130000000001256610000000000000005593                                    00                
0330002300004J00003392565900000114519121618000000004572800203TARANTO COML IMP E EXP        05042013000000000011451000000000000000000000000000000050420130000000000114510000000000000005607                                    00                
0330002300005J00003399565900006023469121618000000004572990203TARANTO COML IMP E EXP        05042013000000000602346000000000000000000000000000000050420130000000006023460000000000000005608                                    00                
0330002300006J00003392565900017247459121618000000004573020203TARANTO COML IMP E EXP        05042013000000001724745000000000000000000000000000000050420130000000017247450000000000000005609                                    00                
03300025         000008000000000002703504000000000000000000                                                                                                                                                                                     
03300031C2031030 205437537000137003300650049002805030006550000480000414 AUTO GERAL DE ITU LTDA                                                AV DR OCTAVIANO PEREIRA MENDES01333               ITU                 13301000SP                  
0330003300001J00034195565900000323361090002108690137627725000ALENAN COML DE PECAS E ACS LTD05042013000000000032336000000000000000000000000000000050420130000000000323360000000000000005570                                    00                
0330003300002J00023795565900000222073371090000833992500719500AVEBRAZ COMERCIO DE VEICULOS E05042013000000000022207000000000000000000000000000000050420130000000000222070000000000000005571                                    00                
0330003300003J00034191565900000413001128200527621248021303000BANCO FIBRA SA                05042013000000000041300000000000000000000000000000000050420130000000000413000000000000000005572                                    00                
0330003300004J00034196565900000846001128366734031248021303000BANCO FIBRA SA                05042013000000000084600000000000000000000000000000000050420130000000000846000000000000000005573                                    00                
0330003300005J00023791565900001703003114091340207498001763000BANCO SAFRA S/A               05042013000000000170300000000000000000000000000000000050420130000000001703000000000000000005574                                    00                
0330003300006J00039991565900000489011770574467004061860231001CAR CENTRAL DE AUTOPECAS E ROL05042013000000000048901000000000000000000000000000000050420130000000000489010000000000000005575                                    00                
0330003300007J00039992565900000193921770574511004061860231001CAR CENTRAL DE AUTOPECAS E ROL05042013000000000019392000000000000000000000000000000050420130000000000193920000000000000005576                                    00                
0330003300008J00000193565900012061440445607123432220000580031CENTAURO IND E COMERCIO LTDA  05042013000000001206144000000000000000000000000000000050420130000000012061440000000000000005577                                    00                
0330003300009J00034191565900000247001129128286990076000777000CENTER PECAS FABBRI LTDA      05042013000000000024700000000000000000000000000000000050420130000000000247000000000000000005578                                    00                
0330003300010J00039991565900000963671771082745102680075859001COBRA ROLAMENTOS E AUTO PECAS 05042013000000000096367000000000000000000000000000000050420130000000000963670000000000000005579                                    00                
0330003300011J00039992565900000120061771082785002680075859001COBRA ROLAMENTOS E AUTO PECAS 05042013000000000012006000000000000000000000000000000050420130000000000120060000000000000005580                                    00                
0330003300012J00039993565900000518383200088148003436080189001COFIPE VEICULOS LTDA          05042013000000000051838000000000000000000000000000000050420130000000000518380000000000000005581                                    00                
0330003300013J00000191565900001776500000001323739445060831411BANCO COOPERATIVO DO BRASIL SA05042013000000000177650000000000000000000000000000000050420130000000001776500000000000000005582                                    00                
0330003300014J00023796565900007055550285093086000002200943470DISTRIBUIDORA BRASUL DE AUTOPE05042013000000000705555000000000000000000000000000000050420130000000007055550000000000000005583                                    00                
0330003300015J00034192565900017847901129719390720249809195000DRIVEWAY INDUSTRIA BRASILEIRA 05042013000000001784790000000000000000000000000000000050420130000000017847900000000000000005585                                    00                
0330003300016J00034191565900000357351129719390640249809195000DRIVEWAY INDUSTRIA BRASILEIRA 05042013000000000035735000000000000000000000000000000050420130000000000357350000000000000005586                                    00                
0330003300017J00034191565900000261701129158547342938000052000EATON LTDA                    05042013000000000026170000000000000000000000000000000050420130000000000261700000000000000005587                                    00                
0330003300018J00034197565900001721711129134984502938107808000ELIVEL AUTOMOTORES LTDA       05042013000000000172171000000000000000000000000000000050420130000000001721710000000000000005588                                    00                
0330003300019J00034192565900000182191090304737980109276204000GIRANDO COMERCIO DE PECAS LTDA05042013000000000018219000000000000000000000000000000050420130000000000182190000000000000005589                                    00                
0330003300020J00034196565900000105431090304737800109276204000GIRANDO COMERCIO DE PECAS LTDA05042013000000000010543000000000000000000000000000000050420130000000000105430000000000000005590                                    00                
0330003300021J00034193565900000423041090000224960242411544000GLOBAL FLEX IMPRESS FLEX LTDA 05042013000000000042304000000000000000000000000000000050420130000000000423040000000000000005591                                    00                
0330003300022J00034191565900000215411572227199910164453771000MARCO ANTONIO CHIOVETTO ME    05042013000000000021541000000000000000000000000000000050420130000000000215410000000000000005594                                    00                
0330003300023J00000192565900011958290000001512535000001027517MODEFER INDUSTRIA DE AUTO PECA05042013000000001195829000000000000000000000000000000050420130000000011958290000000000000005595                                    00                
0330003300024J00023798565900000459093394090000016650200324600MORELATE DISTRIBUIDORA DE AUTO05042013000000000045909000000000000000000000000000000050420130000000000459090000000000000005596                                    00                
0330003300025J00023793565900001312373394090000018353000324600MORELATE DISTRIBUIDORA DE AUTO05042013000000000131237000000000000000000000000000000050420130000000001312370000000000000005597                                    00                
0330003300026J00034193565900000310991128220318486676980086000NOVA DISTRIBUIDORA DE VEICULOS05042013000000000031099000000000000000000000000000000050420130000000000310990000000000000005598                                    00                
0330003300027J00023796565900000622302500090256575098400000340ODAPEL DISTRIBUIDORA DE AUTO P05042013000000000062230000000000000000000000000000000050420130000000000622300000000000000005599                                    00                
0330003300028J00023791565900001689000151091330810076001251750PECA MAIS COMERCIO DE AUTO PEC05042013000000000168900000000000000000000000000000000050420130000000001689000000000000000005600                                    00                
0330003300029J00023791565900000337951741093066000007500445740PECAS AUTOMOTIVAS ZEENE LTDA  05042013000000000033795000000000000000000000000000000050420130000000000337950000000000000005601                                    00                
0330003300030J00039991565900000589168144671960204540096965001PELLEGRINO DISTRIBUIDORA DE AU05042013000000000058916000000000000000000000000000000050420130000000000589160000000000000005602                                    00                
0330003300031J00039995565900000701092696559202304540096965001PELLEGRINO DISTRIBUIDORA DE AU05042013000000000070109000000000000000000000000000000050420130000000000701090000000000000005603                                    00                
0330003300032J00034191565900001052501127464903286238015991000POLI FILTRO IND E COMERCIO LTD05042013000000000105250000000000000000000000000000000050420130000000001052500000000000000005604                                    00                
0330003300033J00039997565900000683252995121567605313093513001REAL MOTO PECAS LTDA          05042013000000000068325000000000000000000000000000000050420130000000000683250000000000000005605                                    00                
0330003300034J00039995565900001744642995120786005313093513001REAL MOTO PECAS LTDA          05042013000000000174464000000000000000000000000000000050420130000000001744640000000000000005606                                    00                
0330003300035J00023796565900000233341998190000013011600503970VANUCCI IMPORTACAO EXPORT. E C05042013000000000023334000000000000000000000000000000050420130000000000233340000000000000005610                                    00                
0330003300036J00039999565900000082051771310589904540079149001BANCO SOFISA SA               05042013000000000008205000000000000000000000000000000050420130000000000082050000000000000005611                                    00                
0330003300037J00039996565900000434131771310590204540079149001BANCO SOFISA SA               05042013000000000043413000000000000000000000000000000050420130000000000434130000000000000005612                                    00                
03300035         000039000000000007025784000000000000000000                                                                                                                                                                                     
03300041C2011010 205437537000137003300650049002805030006550000480000414 AUTO GERAL DE ITU LTDA                                                AV DR OCTAVIANO PEREIRA MENDES01333               ITU                 13301000SP                  
0330004300001O00085800000059204801791304075550508054375370001FGTS GRF CONVENIO 0179        07042013050420130000000005920485613                                                                                                                  
0330004300002B   800054375370001                              00000                                                  00000000  070420130000000000000000000000000000000000000000000000000000000000000000000000000000              0000000        
0330004300003O00085840000012878501791304075550508054375370002FGTS GRF CONVENIO 0179        07042013050420130000000001287855614                                                                                                                  
0330004300004B   800054375370002                              00000                                                  00000000  070420130000000000000000000000000000000000000000000000000000000000000000000000000000              0000000        
0330004300005O00085830000014897101791304075550508054375370003FGTS GRF CONVENIO 0179        07042013050420130000000001489715615                                                                                                                  
0330004300006B   800054375370003                              00000                                                  00000000  070420130000000000000000000000000000000000000000000000000000000000000000000000000000              0000000        
0330004300007O00085820000008676401791304075550508054375370004FGTS GRF CONVENIO 0179        07042013050420130000000000867645616                                                                                                                  
0330004300008B   800054375370004                              00000                                                  00000000  070420130000000000000000000000000000000000000000000000000000000000000000000000000000              0000000        
0330004300009O00085830000021285801791304075550508054375370005FGTS GRF CONVENIO 0179        07042013050420130000000002128585617                                                                                                                  
0330004300010B   800054375370005                              00000                                                  00000000  070420130000000000000000000000000000000000000000000000000000000000000000000000000000              0000000        
0330004300011O00085800000008863801791304075550508054375370006FGTS GRF CONVENIO 0179        07042013050420130000000000886385618                                                                                                                  
0330004300012B   800054375370006                              00000                                                  00000000  070420130000000000000000000000000000000000000000000000000000000000000000000000000000              0000000        
03300045         000014000000000001258064                                                                                                                                                                                                       
03399999         000004000067                                                                                                                                                                                                                   
