03300000         2054375370001370033006500490028050300065 0000480000414 AUTO GERAL DE ITU LTDA        BANCO SANTANDER                         10512201209545800004506000000                                        G4016PF00528               G4
03300011C2030030 205437537000137003300650049002805030006550000480000414 AUTO GERAL DE ITU LTDA                                                AV DR OCTAVIANO PEREIRA MENDES01333               ITU                 13301000SP                  
0330001300001J00003398553800000275219472544100000001082430104CINPAL CIA IND DE PECAS P/ AUT05122012000000000027521000000000000000000000000000000051220120000000000275210000000000000001438                                    00                
0330001300002J00003391553800000270009421259200000000387680101GUMP MOTORS COMPONENTES AUTOM 05122012000000000027000000000000000000000000000000000051220120000000000270000000000000000001452                                    00                
0330001300003J00003396553800001059649482285400000091799500203JOFUND S/A                    05122012000000000105964000000000000000000000000000000051220120000000001059640000000000000001453                                    00                
0330001300004J00003392553800006641909482285400000091799840203JOFUND S/A                    05122012000000000664190000000000000000000000000000000051220120000000006641900000000000000001454                                    00                
0330001300005J00003392553800005131009141963300000007083720201VALERIA DAVANSO AGUADO        05122012000000000513100000000000000000000000000000000051220120000000005131000000000000000001462                                    00                
03300015         000007000000000001337775000000000000000000                                                                                                                                                                                     
03300021C2031030 205437537000137003300650049002805030006550000480000414 AUTO GERAL DE ITU LTDA                                                AV DR OCTAVIANO PEREIRA MENDES01333               ITU                 13301000SP                  
0330002300001J00034198553800000295421090001885450137627725000ALENAN COML DE PECAS E ACS LTD05122012000000000029542000000000000000000000000000000051220120000000000295420000000000000001428                                    00                
0330002300002J00034196553800000832551561625050678329223245000ALUPAR INDUSTRIA C A M L EPP  05122012000000000083255000000000000000000000000000000051220120000000000832550000000000000001429                                    00                
0330002300003J00023791553800000469023392022317000004801078260MF CAMBUCI DISTR DE AUTOPECAS 05122012000000000046902000000000000000000000000000000051220120000000000469020000000000000001430                                    00                
0330002300004J00034199553800002744451090002898060278840913000CAPITAL EMBALAGENS DESCAT LTDA05122012000000000274445000000000000000000000000000000051220120000000002744450000000000000001431                                    00                
0330002300005J00039998553800000981521763970994904061860231001CAR CENTRAL DE AUTOPECAS E ROL05122012000000000098152000000000000000000000000000000051220120000000000981520000000000000001432                                    00                
0330002300006J00039994553800001250401763970997304061860231001CAR CENTRAL DE AUTOPECAS E ROL05122012000000000125040000000000000000000000000000000051220120000000001250400000000000000001433                                    00                
0330002300007J00034191553800000034501125743972560076000777000CENTER PECAS FABBRI LTDA      05122012000000000003450000000000000000000000000000000051220120000000000034500000000000000001434                                    00                
0330002300008J00034191553800000160501125842762010076000777000CENTER PECAS FABBRI LTDA      05122012000000000016050000000000000000000000000000000051220120000000000160500000000000000001435                                    00                
0330002300009J00023796553800000525060260192306000000900075810CESTARI INDL E COMERCIAL SA   05122012000000000052506000000000000000000000000000000051220120000000000525060000000000000001436                                    00                
0330002300010J00023791553800001094590260192306000001700075810CESTARI INDL E COMERCIAL SA   05122012000000000109459000000000000000000000000000000051220120000000001094590000000000000001437                                    00                
0330002300011J00023799553800004117233396092325000000200008270CINPAL CIA IND DE PECAS P/ AUT05122012000000000411723000000000000000000000000000000051220120000000004117230000000000000001439                                    00                
0330002300012J00023791553800000431763396092325000000600008270CINPAL CIA IND DE PECAS P/ AUT05122012000000000043176000000000000000000000000000000051220120000000000431760000000000000001440                                    00                
0330002300013J00023792553800000229032002061201376560100829680COMERCIAL AUTOMOTIVA S.A      05122012000000000022903000000000000000000000000000000051220120000000000229030000000000000001441                                    00                
0330002300014J00023791553800000092003398190000022172601324600DIBRACAM COMERCIAL LTDA       05122012000000000009200000000000000000000000000000000051220120000000000092000000000000000001442                                    00                
0330002300015J00035693553800000612200689070323420000004891926DISTRIBUIDORA AUTOMOTIVA S.A  05122012000000000061220000000000000000000000000000000051220120000000000612200000000000000001443                                    00                
0330002300016J00035696553800000171610689070323420000005557120DISTRIBUIDORA AUTOMOTIVA S.A  05122012000000000017161000000000000000000000000000000051220120000000000171610000000000000001444                                    00                
0330002300017J00035691553800000122220689070323400000005557239DISTRIBUIDORA AUTOMOTIVA S.A  05122012000000000012222000000000000000000000000000000051220120000000000122220000000000000001445                                    00                
0330002300018J00035695553800000611900689070323440000004891825DISTRIBUIDORA AUTOMOTIVA S.A  05122012000000000061190000000000000000000000000000000051220120000000000611900000000000000001446                                    00                
0330002300019J00023798553800000290500138092305000001801370000BBL SISTEMAS OPERACIONAIS LTDA05122012000000000029050000000000000000000000000000000051220120000000000290500000000000000001447                                    00                
0330002300020J00034191553800002547331126050205130295745780000FREIOS CONTROIL LTDA          05122012000000000254733000000000000000000000000000000051220120000000002547330000000000000001448                                    00                
0330002300021J00034193553800013707881126050217010295745780000FREIOS CONTROIL LTDA          05122012000000001370788000000000000000000000000000000051220120000000013707880000000000000001449                                    00                
0330002300022J00034191553800000132001090304092890109276204000GIRANDO COMERCIO DE PECAS LTDA05122012000000000013200000000000000000000000000000000051220120000000000132000000000000000001450                                    00                
0330002300023J00034193553800000420651090304098260109276204000GIRANDO COMERCIO DE PECAS LTDA05122012000000000042065000000000000000000000000000000051220120000000000420650000000000000001451                                    00                
0330002300024J00034199553800000427601126069662682395022557000KOGA KOGA CIA LTDA            05122012000000000042760000000000000000000000000000000051220120000000000427600000000000000001455                                    00                
0330002300025J00023791553800001744661911092311000001500178030LNG IMP EXP DE AUTOPECAS LTDA 05122012000000000174466000000000000000000000000000000051220120000000001744660000000000000001456                                    00                
0330002300026J00010491553800000940043164659900100040000004019MD CAR COM DE PRODUTOS AUTOMOT05122012000000000094004000000000000000000000000000000051220120000000000940040000000000000001457                                    00                
0330002300027J00023797553800000587243394090000009383200324600MORELAT DISTRIBUIDORA DE AUTO 05122012000000000058724000000000000000000000000000000051220120000000000587240000000000000001458                                    00                
0330002300028J00023799553800000230013484092293000013201129000PETRONAS LUBRIFICANTES BRASIL 05122012000000000023001000000000000000000000000000000051220120000000000230010000000000000001459                                    00                
0330002300029J00023799553800004321793372091000006222600595500VALECRED SOLUCOES FINANCEIRAS 05122012000000000432179000000000000000000000000000000051220120000000004321790000000000000001460                                    00                
0330002300030J00039991553800001390322053175227005313093513001REAL MOTO PECAS LTDA          05122012000000000139032000000000000000000000000000000051220120000000001390320000000000000001461                                    00                
0330002300031J00034191553800000100001090002046590041791401000GIBIM SEGURANCA ELETRONICA LTD05122012000000000010000000000000000000000000000000000051220120000000000100000000000000000001463                                    00                
0330002300032J00000198553900000038700000001555704202000113517VIRTUAL EXPRESS TRANSP E LOGIS06122012000000000003870000000000000000000000000000000051220120000000000038700000000000000001464                                    00                
0330002300033J00034193553800001576001570312032310513988758000INST DE PESQUISA SOROCABANO   05122012000000000157600000000000000000000000000000000051220120000000001576000000000000000001465                                    00                
03300025         000035000000000004323068000000000000000000                                                                                                                                                                                     
03399999         000002000044                                                                                                                                                                                                                   
