03300000         2054375370001370033006500490028050300065 0000480000414 AUTO GERAL DE ITU LTDA        BANCO SANTANDER                         10502201311233900009206000000                                        G4016PF00528               G4
03300011C2030030 205437537000137003300650049002805030006550000480000414 AUTO GERAL DE ITU LTDA                                                AV DR OCTAVIANO PEREIRA MENDES01333               ITU                 13301000SP                  
0330001300001J00003391560000001406279513931700000103933660101DISTRIBUIDORA AUTOMOTIVA S/A  05022013000000000140627000000000000000000000000000000050220130000000001406270000000000000003550                                    00                
0330001300002J00003397560000000300009421259200000000442020101GUMP MOTORS COMPONENTES AUTOMO05022013000000000030000000000000000000000000000000000050220130000000000300000000000000000003559                                    00                
0330001300003J00003399560100000496669173505500000006044020203BODIPASA BOMBAS DIESEL PAULIST06022013000000000049666000000000000000000000000000000050220130000000000496660000000000000003577                                    00                
03300015         000005000000000000220293000000000000000000                                                                                                                                                                                     
03300021C2031030 205437537000137003300650049002805030006550000480000414 AUTO GERAL DE ITU LTDA                                                AV DR OCTAVIANO PEREIRA MENDES01333               ITU                 13301000SP                  
0330002300001J00039998560000000215681767919646411960078237001BAP AUTOMOTIVA LTDA           05022013000000000021568000000000000000000000000000000050220130000000000215680000000000000003543                                    00                
0330002300002J00039991560000000137091767057235804061860231001CAR CENTRAL DE AUTOPECAS E ROL05022013000000000013709000000000000000000000000000000050220130000000000137090000000000000003544                                    00                
0330002300003J00023799560000000615163262090000033641000935470COMDIP COMERCIAL DISTR DE PECA05022013000000000061516000000000000000000000000000000050220130000000000615160000000000000003545                                    00                
0330002300004J00023791560000000206392002061301399373100829680COMERCIAL AUTOMOTIVA S.A.     05022013000000000020639000000000000000000000000000000050220130000000000206390000000000000003546                                    00                
0330002300005J00023797560000000229922002061301399388100829680COMERCIAL AUTOMOTIVA S.A.     05022013000000000022992000000000000000000000000000000050220130000000000229920000000000000003547                                    00                
0330002300006J00000195560000000207230000001011760000003952018COMPEL DISTR E COM DE AUTO PEC05022013000000000020723000000000000000000000000000000050220130000000000207230000000000000003548                                    00                
0330002300007J00023791560000000328743398190000023058101324600DIBRACAM COMERCIAL LTDA       05022013000000000032874000000000000000000000000000000050220130000000000328740000000000000003549                                    00                
0330002300008J00035693560000000331100689070323410000003260462DISTRIBUIDORA AUTOMOTIVA S/A  05022013000000000033110000000000000000000000000000000050220130000000000331100000000000000003551                                    00                
0330002300009J00035695560000000263250689070323440000003260519DISTRIBUIDORA AUTOMOTIVA S/A  05022013000000000026325000000000000000000000000000000050220130000000000263250000000000000003552                                    00                
0330002300010J00034195560000000296181126631397830017749003000DOVAC INDUSTRIA E COM LTDA    05022013000000000029618000000000001480000000000000000050220130000000000281380000000000000003553                                    00                
0330002300011J00034196560000000212971126931898732938000052000EATON LTDA                    05022013000000000021297000000000000000000000000000000050220130000000000212970000000000000003554                                    00                
0330002300012J00034198560000000210141126931902102938000052000EATON LTDA                    05022013000000000021014000000000000000000000000000000050220130000000000210140000000000000003555                                    00                
0330002300013J00034198560000000206951090304418110109276204000GIRANDO COMERCIO DE PECAS LTDA05022013000000000020695000000000000000000000000000000050220130000000000206950000000000000003556                                    00                
0330002300014J00034195560000001582111090304421730109276204000GIRANDO COMERCIO DE PECAS LTDA05022013000000000158211000000000000000000000000000000050220130000000001582110000000000000003557                                    00                
0330002300015J00023794560000005537150461093014000005201220070GONEL IND E COMERCIO LTDA     05022013000000000553715000000000000000000000000000000050220130000000005537150000000000000003558                                    00                
0330002300016J00034192560000001049001126612914952938074040000ITAVOX VEICULOS               05022013000000000104900000000000000000000000000000000050220130000000001049000000000000000003560                                    00                
0330002300017J00023791560000000187003372097672307862700536350MAGGI MOTOS LTDA              05022013000000000018700000000000000000000000000000000050220130000000000187000000000000000003561                                    00                
0330002300018J00034191560000000469001126945301250384625000000PECAS AUTOMOTIVAS ZEENE LTDA  05022013000000000046900000000000000000000000000000000050220130000000000469000000000000000003562                                    00                
0330002300019J00039997560000000679508144668768904540096965001PELLEGRINO DISTRIBUIDORA DE AU05022013000000000067950000000000000000000000000000000050220130000000000679500000000000000003563                                    00                
0330002300020J00034199560000000427141128026523320191074004000POLIPECAS COMERCIAL E IMPORTAD05022013000000000042714000000000002990000000000000000050220130000000000397240000000000000003564                                    00                
0330002300021J00039991560000005385192315391921605313093513001REAL MOTO PECAS LTDA          05022013000000000538519000000000000000000000000000000050220130000000005385190000000000000003565                                    00                
0330002300022J00039993560000001409972315383403205313093513001REAL MOTO PECAS LTDA          05022013000000000140997000000000000000000000000000000050220130000000001409970000000000000003566                                    00                
0330002300023J00039991560000000377623133502197805313093513001REAL MOTO PECAS LTDA          05022013000000000037762000000000000000000000000000000050220130000000000377620000000000000003567                                    00                
0330002300024J00039992560000000553352315383341905313093513001REAL MOTO PECAS LTDA          05022013000000000055335000000000000000000000000000000050220130000000000553350000000000000003568                                    00                
0330002300025J00023795560000001353140738093025000002100063200SARAIVA DISTR. AUTO PECAS LTDA05022013000000000135314000000000000000000000000000000050220130000000001353140000000000000003569                                    00                
0330002300026J00023795560000002303390738093025000007400063200SARAIVA DISTR. AUTO PECAS LTDA05022013000000000230339000000000000000000000000000000050220130000000002303390000000000000003570                                    00                
0330002300027J00034191560000000151911127382316233184122228000UNIVERSAL AUTOMOTIVE SYSTEMS S05022013000000000015191000000000000000000000000000000050220130000000000151910000000000000003571                                    00                
0330002300028J00034198560000000100001090002046750041791401000GIBIM SEGURANCA ELETRONICA LTD05022013000000000010000000000000000000000000000000000050220130000000000100000000000000000003572                                    00                
0330002300029J00023798560000001191313372091130210516800731020MAGGI AUTOMOVEIS LTDA         05022013000000000119131000000000000000000000000000000050220130000000001191310000000000000003573                                    00                
0330002300030J00034199560100001603851128113310350390497683000AUTIMEX COM IMPORTACAO E EXPOR06022013000000000160385000000000000000000000000000000050220130000000001603850000000000000003575                                    00                
0330002300031J00039997560100000169341768015935111960078237001BAP AUTOMOTIVA LTDA           06022013000000000016934000000000000000000000000000000050220130000000000169340000000000000003576                                    00                
0330002300032J00000197560100000778821823850739529130010401917CAMPINAS DIESEL LTDA          06022013000000000077882000000000000000000000000000000050220130000000000778820000000000000003578                                    00                
0330002300033J00023791560100000884420495092318000081500995600CAOA CAMINHOES LTDA           06022013000000000088442000000000000000000000000000000050220130000000000884420000000000000003579                                    00                
0330002300034J00039995560100000738351767563058504061860231001CAR CENTRAL DE AUTOPECAS E ROL06022013000000000073835000000000000000000000000000000050220130000000000738350000000000000003580                                    00                
0330002300035J00039993560100000557101767563055004061860231001CAR CENTRAL DE AUTOPECAS E ROL06022013000000000055710000000000000000000000000000000050220130000000000557100000000000000003581                                    00                
0330002300036J00039991560100000211691767563119004061860231001CAR CENTRAL DE AUTOPECAS E ROL06022013000000000021169000000000000000000000000000000050220130000000000211690000000000000003582                                    00                
0330002300037J00023795560100000491496348093007000078001024500DAYCO POWER TRANSMISSION      06022013000000000049149000000000000000000000000000000050220130000000000491490000000000000003583                                    00                
0330002300038J00035693560100000215940689070323400000003260695DISTRIBUIDORA AUTOMOTIVA S/A  06022013000000000021594000000000000000000000000000000050220130000000000215940000000000000003584                                    00                
0330002300039J00039991560100000197673005510645903430712744001DISTRIBUIDORA AUTOMOTIVA S/A  06022013000000000019767000000000000000000000000000000050220130000000000197670000000000000003585                                    00                
0330002300040J00034193560100001397591127352325740046365078000FELICIO VIGORITO FILHOS LTDA  06022013000000000139759000000000000000000000000000000050220130000000001397590000000000000003586                                    00                
0330002300041J00034191560100000553501127352325090046365078000FELICIO VIGORITO FILHOS LTDA  06022013000000000055350000000000000000000000000000000050220130000000000553500000000000000003587                                    00                
0330002300042J00034192560100000422991090304424390109276204000GIRANDO COMERCIO DE PECAS LTDA06022013000000000042299000000000000000000000000000000050220130000000000422990000000000000003588                                    00                
0330002300043J00034191560100000122091090304422310109276204000GIRANDO COMERCIO DE PECAS LTDA06022013000000000012209000000000000000000000000000000050220130000000000122090000000000000003589                                    00                
0330002300044J00034191560100002324831561739013143171011202000HIDRAULICA VIC IM CO EQ HI LTD06022013000000000232483000000000033036000000000000000050220130000000001994470000000000000003590                                    00                
0330002300045J00034199560100000946001127393978453909030599000HYDRONLUBZ IND C EQUIPAMENTOS 06022013000000000094600000000000000000000000000000000050220130000000000946000000000000000003591                                    00                
0330002300046J00023792560100000159003372090000005830100584500MAGGI CAMINHOES LTDA          06022013000000000015900000000000000000000000000000000050220130000000000159000000000000000003592                                    00                
0330002300047J00023795560100000822833372097672311502800767230MAGGI VEICULOS LTDA           06022013000000000082283000000000000000000000000000000050220130000000000822830000000000000003593                                    00                
0330002300048J00000192560100007091560000001512535000000918617MODEFER INDUSTRIA DE AUTO PECA06022013000000000709156000000000000000000000000000000050220130000000007091560000000000000003594                                    00                
0330002300049J00023796560100001145820008091300000813600385010MAQUINAS AGRICOLAS JACTO SA   06022013000000000114582000000000000000000000000000000050220130000000001145820000000000000003595                                    00                
0330002300050J00039991560100001228642696551527404540096965001PELLEGRINO DISTRIBUIDORA DE AU06022013000000000122864000000000000000000000000000000050220130000000001228640000000000000003596                                    00                
0330002300051J00039992560100000310708144668833204540096965001PELLEGRINO DISTRIBUIDORA DE AU06022013000000000031070000000000000000000000000000000050220130000000000310700000000000000003597                                    00                
0330002300052J00023798560100001657583484092342000051501129000PETRONAS LUBRIFICANTES BRASIL 06022013000000000165758000000000000000000000000000000050220130000000001657580000000000000003598                                    00                
0330002300053J00039997560100000584942315385608705313093513001REAL MOTO PECAS LTDA          06022013000000000058494000000000000000000000000000000050220130000000000584940000000000000003599                                    00                
0330002300054J00023798560100000558563395090000005215800650000SORANA SUL                    06022013000000000055856000000000000000000000000000000050220130000000000558560000000000000003600                                    00                
03300025         000056000000000005101782000000000000000000                                                                                                                                                                                     
03300031C2011010 205437537000137003300650049002805030006550000480000414 AUTO GERAL DE ITU LTDA                                                AV DR OCTAVIANO PEREIRA MENDES01333               ITU                 13301000SP                  
0330003300001O00083610000003168501103001685234300210005915015CIA PIRATININGA DE FORCA E LUZ05022013050220130000000000316853574                                                                                                                  
0330003300002B   000000000000000                              00000                                                  00000000  050220130000000000000000000000000000000000000000000000000000000000000000000000000000              0000000        
03300035         000004000000000000031685                                                                                                                                                                                                       
03399999         000003000067                                                                                                                                                                                                                   
