03300000         2054375370001370033006500490028050300065 0000480000414 AUTO GERAL DE ITU LTDA        BANCO SANTANDER                         10503201310524700011106000000                                        G4016PF00529               G4
03300011C2003031 2054375370001370033006500490028050300065 0000480000414 AUTO GERAL DE ITU LTDA                                                AV DR OCTAVIANO PEREIRA MENDES01333               ITU                 13301000SP                  
0330001300001A0000183410077600000000859027 ADERALDO PAULO TULINO RODRIGUE4564                05032013BRL000000000000000000000001392280                    00000000000000000000000                                        07          0          
0330001300002B   212412056000132                              00000                                                  00000000  050320130000000013922800000000000000000000000000000000000000000000000000000000000000000           00000          
0330001300003A0007003410156900000000151903 EDER PAULO NUNES ARAUJO       4565                05032013BRL000000000000000000000000135851                    00000000000000000000000                                        07          0          
0330001300004B   100021092505857                              00000                                                  00000000  050320130000000001358510000000000000000000000000000000000000000000000000000000000000000           00000          
03300015         000006000000000001528131000000000000000000                                                                                                                                                                                     
03300021C2030030 205437537000137003300650049002805030006550000480000414 AUTO GERAL DE ITU LTDA                                                AV DR OCTAVIANO PEREIRA MENDES01333               ITU                 13301000SP                  
0330002300001J00003391562800001345429482966200000025844760104BAP AUTOMOTIVA LTDA           05032013000000000134542000000000000000000000000000000050320130000000001345420000000000000004521                                    00                
0330002300002J00003395562800001744929472544100000001281800104CINPAL CIA IND DE PECAS P/ AUT05032013000000000174492000000000000000000000000000000050320130000000001744920000000000000004523                                    00                
0330002300003J00003397562800002003419472544100000001282280104CINPAL CIA IND DE PECAS P/ AUT05032013000000000200341000000000000000000000000000000050320130000000002003410000000000000004524                                    00                
03300025         000005000000000000509375000000000000000000                                                                                                                                                                                     
03300031C2031030 205437537000137003300650049002805030006550000480000414 AUTO GERAL DE ITU LTDA                                                AV DR OCTAVIANO PEREIRA MENDES01333               ITU                 13301000SP                  
0330003300001J00039999562800000450131769380283011960078237001BAP AUTOMOTIVA LTDA           05032013000000000045013000000000000000000000000000000050320130000000000450130000000000000004517                                    00                
0330003300002J00039998562800002998921769384355311960078237001BAP AUTOMOTIVA LTDA           05032013000000000299892000000000000000000000000000000050320130000000002998920000000000000004518                                    00                
0330003300003J00039991562800000484491769384354511960078237001BAP AUTOMOTIVA LTDA           05032013000000000048449000000000000000000000000000000050320130000000000484490000000000000004519                                    00                
0330003300004J00039993562800000396921769380282211960078237001BAP AUTOMOTIVA LTDA           05032013000000000039692000000000000000000000000000000050320130000000000396920000000000000004520                                    00                
0330003300005J00039998562800000314591769428540604061860231001CAR CENTRAL DE AUTOPECAS E ROL05032013000000000031459000000000000000000000000000000050320130000000000314590000000000000004522                                    00                
0330003300006J00034192562800002417181126979027272938040108000CINPAL CIA IND DE PECAS P/ AUT05032013000000000241718000000000000000000000000000000050320130000000002417180000000000000004525                                    00                
0330003300007J00023799562800000286093262090000035087900935470COMDIP COMERCIAL DISTR DE PECA05032013000000000028609000000000000000000000000000000050320130000000000286090000000000000004526                                    00                
0330003300008J00023798562800000615163262090000033641200935470COMDIP COMERCIAL DISTR DE PECA05032013000000000061516000000000000000000000000000000050320130000000000615160000000000000004527                                    00                
0330003300009J00023791562800000161472002061316131447100829680COMERCIAL AUTOMOTIVA S.A.     05032013000000000016147000000000000000000000000000000050320130000000000161470000000000000004528                                    00                
0330003300010J00000191562800001628250000001011760000004021418COMPEL DISTR E COM DE AUTO PEC05032013000000000162825000000000000000000000000000000050320130000000001628250000000000000004529                                    00                
0330003300011J00000193562800000343210000001011760000004021318COMPEL DISTR E COM DE AUTO PEC05032013000000000034321000000000000000000000000000000050320130000000000343210000000000000004530                                    00                
0330003300012J00000191562800000552050000001011760000004021718COMPEL DISTR E COM DE AUTO PEC05032013000000000055205000000000000000000000000000000050320130000000000552050000000000000004531                                    00                
0330003300013J00035696562800000192250689070323480000003264160DISTRIBUIDORA AUTOMOTIVA S.A. 05032013000000000019225000000000000000000000000000000050320130000000000192250000000000000004532                                    00                
0330003300014J00035692562800000459580689070323430000003264181DISTRIBUIDORA AUTOMOTIVA S.A. 05032013000000000045958000000000000000000000000000000050320130000000000459580000000000000004533                                    00                
0330003300015J00035691562800000177180689070323430000003264157DISTRIBUIDORA AUTOMOTIVA S.A. 05032013000000000017718000000000000000000000000000000050320130000000000177180000000000000004534                                    00                
0330003300016J00034196562800000005801127899620502938000052000EATON LTDA                    05032013000000000000580000000000000000000000000000000050320130000000000005800000000000000004535                                    00                
0330003300017J00034195562800000208341127899634472938000052000EATON LTDA                    05032013000000000020834000000000000000000000000000000050320130000000000208340000000000000004536                                    00                
0330003300018J00000196562800001200000000001702613000000092517F5 CREATIVE FILMS LTDA        05032013000000000120000000000000000000000000000000000050320130000000001200000000000000000004537                                    00                
0330003300019J00000198562800000950000000001702613000000092617F5 CREATIVE FILMS LTDA        05032013000000000095000000000000000000000000000000000050320130000000000950000000000000000004538                                    00                
0330003300020J00034191562800001903571090304561080109276204000GIRANDO COMERCIO DE PECAS LTDA05032013000000000190357000000000000000000000000000000050320130000000001903570000000000000004539                                    00                
0330003300021J00034194562800000859201090304561160109276204000GIRANDO COMERCIO DE PECAS LTDA05032013000000000085920000000000000000000000000000000050320130000000000859200000000000000004540                                    00                
0330003300022J00034196562800003832451090304560170109276204000GIRANDO COMERCIO DE PECAS LTDA05032013000000000383245000000000000000000000000000000050320130000000003832450000000000000004541                                    00                
0330003300023J00034195562800000353991090304564880109276204000GIRANDO COMERCIO DE PECAS LTDA05032013000000000035399000000000000000000000000000000050320130000000000353990000000000000004542                                    00                
0330003300024J00034196562800000210911090304559510109276204000GIRANDO COMERCIO DE PECAS LTDA05032013000000000021091000000000000000000000000000000050320130000000000210910000000000000004543                                    00                
0330003300025J00034191562800000348301090304560900109276204000GIRANDO COMERCIO DE PECAS LTDA05032013000000000034830000000000000000000000000000000050320130000000000348300000000000000004544                                    00                
0330003300026J00034191562800000105291090304559690109276204000GIRANDO COMERCIO DE PECAS LTDA05032013000000000010529000000000000000000000000000000050320130000000000105290000000000000004545                                    00                
0330003300027J00034197562800002644001091724326141248027078000BANCO VOTORANTIM SA           05032013000000000264400000000000000000000000000000000050320130000000002644000000000000000004546                                    00                
0330003300028J00000195562800015872280444224548234120000204711INSTALADORA SAO MARCOS LTDA   05032013000000001587228000000000000000000000000000000050320130000000015872280000000000000004547                                    00                
0330003300029J00023791562800000516443392023023000002900201630LNG IMP EXP DE AUTOPECAS LTDA 05032013000000000051644000000000000000000000000000000050320130000000000516440000000000000004548                                    00                
0330003300030J00023791562800000248003372097672311634200767230MAGGI VEICULOS LTDA           05032013000000000024800000000000000000000000000000000050320130000000000248000000000000000004549                                    00                
0330003300031J00034196562800000490001090001331627159054795000MERCALF DIESEL LTDA           05032013000000000049000000000000000000000000000000000050320130000000000490000000000000000004550                                    00                
0330003300032J00023792562800002477943484093032000027201129000PETRONAS LUBRIFICANTES BRASIL 05032013000000000247794000000000000000000000000000000050320130000000002477940000000000000004551                                    00                
0330003300033J00023796562800003141423372093032000020005187730RCD COMERCIO  E INDUSTRIA LTDA05032013000000000314142000000000000000000000000000000050320130000000003141420000000000000004552                                    00                
0330003300034J00039991562800000587763133553275105313093513001REAL MOTO PECAS LTDA          05032013000000000058776000000000000000000000000000000050320130000000000587760000000000000004553                                    00                
0330003300035J00039991562800001460723133547650905313093513001REAL MOTO PECAS LTDA          05032013000000000146072000000000000000000000000000000050320130000000001460720000000000000004554                                    00                
0330003300036J00000195562800000721290000001451450000037161817SK AUTOMOTIVE S/A DISTR AUTOPE05032013000000000072129000000000000000000000000000000050320130000000000721290000000000000004555                                    00                
0330003300037J00000191562800006903030000002175416000003449117SK AUTOMOTIVE S/A DISTR AUTOPE05032013000000000690303000000000000000000000000000000050320130000000006903030000000000000004556                                    00                
0330003300038J00000197562800003299260000002175416000003448717SK AUTOMOTIVE S/A DISTR AUTOPE05032013000000000329926000000000000000000000000000000050320130000000003299260000000000000004557                                    00                
0330003300039J00000199562800000880210000002175416000003451117SK AUTOMOTIVE S/A DISTR AUTOPE05032013000000000088021000000000000000000000000000000050320130000000000880210000000000000004558                                    00                
0330003300040J00000191562800000482180000001451450000037161617SK AUTOMOTIVE S/A DISTR AUTOPE05032013000000000048218000000000000000000000000000000050320130000000000482180000000000000004559                                    00                
0330003300041J00034197562800000151921127382316493184122228000UNIVERSAL AUTOMOTIVE SYSTEMS S05032013000000000015192000000000000000000000000000000050320130000000000151920000000000000004560                                    00                
03300035         000043000000000006133177000000000000000000                                                                                                                                                                                     
03300041C2011010 205437537000137003300650049002805030006550000480000414 AUTO GERAL DE ITU LTDA                                                AV DR OCTAVIANO PEREIRA MENDES01333               ITU                 13301000SP                  
0330004300001O00084650000028524900800011208554953502135130301VIVO-SP                       05032013050320130000000002852494561                                                                                                                  
0330004300002B   000000000000000                              00000                                                  00000000  050320130000000000000000000000000000000000000000000000000000000000000000000000000000              0000000        
0330004300003O00084650000002334110291127538347574002137130301TELEFONICA                    05032013050320130000000000233414562                                                                                                                  
0330004300004B   000000000000000                              00000                                                  00000000  050320130000000000000000000000000000000000000000000000000000000000000000000000000000              0000000        
0330004300005O00083650000002390101103003420351870210005915015CIA PIRATININGA DE FORCA E LUZ05032013050320130000000000239014563                                                                                                                  
0330004300006B   000000000000000                              00000                                                  00000000  050320130000000000000000000000000000000000000000000000000000000000000000000000000000              0000000        
03300045         000008000000000000332491                                                                                                                                                                                                       
03399999         000004000064                                                                                                                                                                                                                   
