03300000         2054375370001370033006500490028050300065 0000480000414 AUTO GERAL DE ITU LTDA        BANCO SANTANDER                         10603201310484000011206000000                                        G4016PF00529               G4
03300011C2003031 2054375370001370033006500490028050300065 0000480000414 AUTO GERAL DE ITU LTDA                                                AV DR OCTAVIANO PEREIRA MENDES01333               ITU                 13301000SP                  
0330001300001A0007000010154660000002050374 GERAL PARTS COM PECAS E ABRASI4613                06032013BRL000000000000000000000000048520                    00000000000000000000000                                        07          0          
0330001300002B   252472438000176                              00000                                                  00000000  060320130000000000485200000000000000000000000000000000000000000000000000000000000000000           00000          
03300015         000004000000000000048520000000000000000000                                                                                                                                                                                     
03300021C2030030 205437537000137003300650049002805030006550000480000414 AUTO GERAL DE ITU LTDA                                                AV DR OCTAVIANO PEREIRA MENDES01333               ITU                 13301000SP                  
0330002300001J00003398562900010744729513931700000104190710101DISTRIBUIDORA AUTOMOTIVA S.A. 06032013000000001074472000000000000000000000000000000060320130000000010744720000000000000004572                                    00                
0330002300002J00003391562900001245199513931700000104188900101DISTRIBUIDORA AUTOMOTIVA S/A  06032013000000000124519000000000000000000000000000000060320130000000001245190000000000000004579                                    00                
0330002300003J00003392562900002220519513931700000104189200101DISTRIBUIDORA AUTOMOTIVA S/A  06032013000000000222051000000000000000000000000000000060320130000000002220510000000000000004580                                    00                
0330002300004J00003395562900000502009492147000000000568120104J FREITAS COM IMP E EXP LTDA  06032013000000000050200000000000000000000000000000000060320130000000000502000000000000000004595                                    00                
03300025         000006000000000001471242000000000000000000                                                                                                                                                                                     
03300031C2031030 205437537000137003300650049002805030006550000480000414 AUTO GERAL DE ITU LTDA                                                AV DR OCTAVIANO PEREIRA MENDES01333               ITU                 13301000SP                  
0330003300001J00034191562900000315871090002051580137627725000ALENAN COML DE PECAS E ACS LTD06032013000000000031587000000000000000000000000000000060320130000000000315870000000000000004566                                    00                
0330003300002J00034192562900000413001128200527541248021303000BANCO FIBRA SA                06032013000000000041300000000000000000000000000000000060320130000000000413000000000000000004567                                    00                
0330003300003J00023795562900000970963398020000130860100607510BRAKEMATIC LTDA               06032013000000000097096000000000000000000000000000000060320130000000000970960000000000000004568                                    00                
0330003300004J00000192562900000778821823850739629130010401917CAMPINAS DIESEL LTDA          06032013000000000077882000000000000000000000000000000060320130000000000778820000000000000004569                                    00                
0330003300005J00034196562900000044401128278357550076000777000CENTER PECAS FABBRI LTDA      06032013000000000004440000000000000000000000000000000060320130000000000044400000000000000004570                                    00                
0330003300006J00000191562900009641004584340000000000100030721DB DISTRIBUIDORA DE BATERIAS L06032013000000000964100000000000000000000000000000000060320130000000009641000000000000000004571                                    00                
0330003300007J00035693562900001457680689070323470000005576950DISTRIBUIDORA AUTOMOTIVA S/A  06032013000000000145768000000000000000000000000000000060320130000000001457680000000000000004573                                    00                
0330003300008J00035692562900010536340689070323490000003264458DISTRIBUIDORA AUTOMOTIVA S/A  06032013000000001053634000000000000000000000000000000060320130000000010536340000000000000004574                                    00                
0330003300009J00035691562900005361540689070323410000005753548DISTRIBUIDORA AUTOMOTIVA S/A  06032013000000000536154000000000000000000000000000000060320130000000005361540000000000000004575                                    00                
0330003300010J00035691562900000181720689070323450000003264361DISTRIBUIDORA AUTOMOTIVA S/A  06032013000000000018172000000000000000000000000000000060320130000000000181720000000000000004576                                    00                
0330003300011J00035692562900001408390689070323460000005576803DISTRIBUIDORA AUTOMOTIVA S/A  06032013000000000140839000000000000000000000000000000060320130000000001408390000000000000004577                                    00                
0330003300012J00035696562900001185620689070323490000003264441DISTRIBUIDORA AUTOMOTIVA S/A  06032013000000000118562000000000000000000000000000000060320130000000001185620000000000000004578                                    00                
0330003300013J00035697562900001215110689070323460000005576787DISTRIBUIDORA AUTOMOTIVA S/A  06032013000000000121511000000000000000000000000000000060320130000000001215110000000000000004581                                    00                
0330003300014J00035692562900002275340689070323470000003264443DISTRIBUIDORA AUTOMOTIVA S/A  06032013000000000227534000000000000000000000000000000060320130000000002275340000000000000004582                                    00                
0330003300015J00035699562900001542300689070323480000005753541DISTRIBUIDORA AUTOMOTIVA S/A  06032013000000000154230000000000000000000000000000000060320130000000001542300000000000000004583                                    00                
0330003300016J00035697562900001582150689070323450000005753551DISTRIBUIDORA AUTOMOTIVA S/A  06032013000000000158215000000000000000000000000000000060320130000000001582150000000000000004584                                    00                
0330003300017J00035694562900002110580689070323450000003264437DISTRIBUIDORA AUTOMOTIVA S/A  06032013000000000211058000000000000000000000000000000060320130000000002110580000000000000004585                                    00                
0330003300018J00034194562900000032561127899651292938000052000EATON LTDA                    06032013000000000003256000000000000000000000000000000060320130000000000032560000000000000004586                                    00                
0330003300019J00034198562900000250471127899643122938000052000EATON LTDA                    06032013000000000025047000000000000000000000000000000060320130000000000250470000000000000004587                                    00                
0330003300020J00034191562900000032561127899651372938000052000EATON LTDA                    06032013000000000003256000000000000000000000000000000060320130000000000032560000000000000004588                                    00                
0330003300021J00034192562900000216981128313869362938000052000EATON LTDA                    06032013000000000021698000000000000000000000000000000060320130000000000216980000000000000004589                                    00                
0330003300022J00039996562900002154603106200040909200216507001ELIANE RODRIGUES ALVES FERNAND06032013000000000215460000000000000000000000000000000060320130000000002154600000000000000004590                                    00                
0330003300023J00023797562900000110603372190000003178505064620FELIVEL DISTR CAMINHOES LTDA  06032013000000000011060000000000000000000000000000000060320130000000000110600000000000000004591                                    00                
0330003300024J00034192562900000212471090304573610109276204000GIRANDO COMERCIO DE PECAS LTDA06032013000000000021247000000000000000000000000000000060320130000000000212470000000000000004592                                    00                
0330003300025J00000195562900000577430000001514623444747642311HAIRAM IND E COM DE AUTOPECAS 06032013000000000057743000000000000000000000000000000060320130000000000577430000000000000004593                                    00                
0330003300026J00034199562900000946001127393978603909030599000HYDRONLUBZ IND C EQUIPAMENTOS 06032013000000000094600000000000000000000000000000000060320130000000000946000000000000000004594                                    00                
0330003300027J00034194562900001281531127853073832938025125000MAHLE METAL LEVE S/A          06032013000000000128153000000000000000000000000000000060320130000000001281530000000000000004596                                    00                
0330003300028J00034197562900000226271127853073912938025125000MAHLE METAL LEVE S/A          06032013000000000022627000000000000000000000000000000060320130000000000226270000000000000004597                                    00                
0330003300029J00023797562900000459103394090000016650100324600MORELATE DISTRIBUIDORA DE AUTO06032013000000000045910000000000000000000000000000000060320130000000000459100000000000000004598                                    00                
0330003300030J00034191562900000311001128220318306676980086000NOVA DISTRIBUIDORA DE VEICULOS06032013000000000031100000000000000000000000000000000060320130000000000311000000000000000004599                                    00                
0330003300031J00034198562900000205501128220288366676980086000NOVA DISTRIBUIDORA DE VEICULOS06032013000000000020550000000000000000000000000000000060320130000000000205500000000000000004600                                    00                
0330003300032J00039992562900000675908144670273404540096965001PELLEGRINO DISTRIBUIDORA DE AU06032013000000000067590000000000000000000000000000000060320130000000000675900000000000000004601                                    00                
0330003300033J00039995562900000298258144670293904540096965001PELLEGRINO DISTRIBUIDORA DE AU06032013000000000029825000000000000000000000000000000060320130000000000298250000000000000004602                                    00                
0330003300034J00023797562900000275483484093036000093601129000PETRONAS LUBRIFICANTES BRASIL 06032013000000000027548000000000000000000000000000000060320130000000000275480000000000000004603                                    00                
0330003300035J00034196562900001332551128880219980191074004000POLIPECAS COMERCIAL E IMPORTAD06032013000000000133255000000000009328000000000000000060320130000000001239270000000000000004604                                    00                
0330003300036J00034199562900002692011128880220040191074004000POLIPECAS COMERCIAL E IMPORTAD06032013000000000269201000000000018844000000000000000060320130000000002503570000000000000004605                                    00                
0330003300037J00000198562900001610030000002175416000003459817SK AUTOMOTIVE S/A DISTR AUTOPE06032013000000000161003000000000000000000000000000000060320130000000001610030000000000000004606                                    00                
0330003300038J00034191562900008161681127899172940480001510000SUSIN FRANCESCUTTI METAL LTDA 06032013000000000816168000000000000000000000000000000060320130000000008161680000000000000004607                                    00                
0330003300039J00023791562900000605101998190000012002000503970VANUCCI IMPORTACAO EXPORT. E C06032013000000000060510000000000000000000000000000000060320130000000000605100000000000000004608                                    00                
0330003300040J00039991562900000311841768732350504540079149001BANCO SOFISA SA               06032013000000000031184000000000000000000000000000000060320130000000000311840000000000000004609                                    00                
0330003300041J00023796562900001425083372091130510526100731020MAGGI AUTOMOVEIS LTDA         06032013000000000142508000000000000000000000000000000060320130000000001425080000000000000004610                                    00                
0330003300042J00023798562900004180493391020007157329000010210INTERSMART COM IMP EXP EQUIP E06032013000000000418049000000000000000000000000000000060320130000000004180490000000000000004611                                    00                
0330003300043J00023791562900000138002370060001617836500299980NIC.BR NUCLEO DE INFORM.COORD.06032013000000000013800000000000000000000000000000000060320130000000000138000000000000000004612                                    00                
03300035         000045000000000006946258000000000000000000                                                                                                                                                                                     
03399999         000003000057                                                                                                                                                                                                                   
