03300000         2054375370001370033006500490028050300065 0000480000414 AUTO GERAL DE ITU LTDA        BANCO SANTANDER                         10612201210573500004706000000                                        G4016PF00528               G4
03300011C2030030 205437537000137003300650049002805030006550000480000414 AUTO GERAL DE ITU LTDA                                                AV DR OCTAVIANO PEREIRA MENDES01333               ITU                 13301000SP                  
0330001300001J00003395554000002358889482966200000022426720104CAR CENTRAL DE AUTOPECAS E ROL07122012000000000235888000000000000000000000000000000071220120000000002358880000000000000001503                                    00                
0330001300002J00003394554000002233829513931700000103456390101DISTRIBUIDORA AUTOMOTIVA SA   07122012000000000223382000000000000000000000000000000071220120000000002233820000000000000001514                                    00                
0330001300003J00003391554000000799139513931700000103454770101DISTRIBUIDORA AUTOMOTIVA SA   07122012000000000079913000000000000000000000000000000071220120000000000799130000000000000001515                                    00                
0330001300004J00003395554000000443749513931700000103456040101DISTRIBUIDORA AUTOMOTIVA SA   07122012000000000044374000000000000000000000000000000071220120000000000443740000000000000001516                                    00                
0330001300005J00003395554000001147219537802800000000006460203SPARX IND E COM DE PECAS AUTO 07122012000000000114721000000000000000000000000000000071220120000000001147210000000000000001529                                    00                
03300015         000007000000000000698278000000000000000000                                                                                                                                                                                     
03300021C2031030 205437537000137003300650049002805030006550000480000414 AUTO GERAL DE ITU LTDA                                                AV DR OCTAVIANO PEREIRA MENDES01333               ITU                 13301000SP                  
0330002300001J00023794554000001717191316090000009288800009000APS DISTRIBUIDORA DE AUTOPECAS07122012000000000171719000000000000000000000000000000071220120000000001717190000000000000001499                                    00                
0330002300002J00023795554000001606111316090000009289500009000APS DISTRIBUIDORA DE AUTOPECAS07122012000000000160611000000000000000000000000000000071220120000000001606110000000000000001500                                    00                
0330002300003J00023794554000000969003114091293416615301763000BODIPASA BOMBAS DIESEL PAULIST07122012000000000096900000000000000000000000000000000071220120000000000969000000000000000001501                                    00                
0330002300004J00023794554000000671952002061201374766100829680COMERCIAL AUTOMOTIVA S.A      07122012000000000067195000000000000000000000000000000071220120000000000671950000000000000001502                                    00                
0330002300005J00034194554000000024501125743972800076000777000CENTER PECAS FABBRI LTDA      07122012000000000002450000000000000000000000000000000071220120000000000024500000000000000001504                                    00                
0330002300006J00034192554000000102001125842761770076000777000CENTER PECAS FABBRI LTDA      07122012000000000010200000000000000000000000000000000071220120000000000102000000000000000001505                                    00                
0330002300007J00034199554000000041501125842761850076000777000CENTER PECAS FABBRI LTDA      07122012000000000004150000000000000000000000000000000071220120000000000041500000000000000001506                                    00                
0330002300008J00023793554000000096782917090000008966200041120CMD MOTORS LTDA               07122012000000000009678000000000000000000000000000000071220120000000000096780000000000000001507                                    00                
0330002300009J00034194554000001823381125991493020360545834000COBRA ROLAMENTOS AUTOPECAS LTD07122012000000000182338000000000000000000000000000000071220120000000001823380000000000000001508                                    00                
0330002300010J00034199554000000969371125991494680360545834000COBRA ROLAMENTOS AUTOPECAS LTD07122012000000000096937000000000000000000000000000000071220120000000000969370000000000000001509                                    00                
0330002300011J00023791554000000230823262090000030444700935470COMDIP COMERCIAL DISTR DE PECA07122012000000000023082000000000000000000000000000000071220120000000000230820000000000000001510                                    00                
0330002300012J00034196554000000169201570622551174522114471000COML NV MILLENNIUM A P LTD EPP07122012000000000016920000000000000846000000000000000071220120000000000160740000000000000001511                                    00                
0330002300013J00023794554000000175000605092317000007700645110DE ONIBUS COM DE PCS P/ CARROC07122012000000000017500000000000000000000000000000000071220120000000000175000000000000000001512                                    00                
0330002300014J00000191554000000932330000002267479000014100817DECAR AUTOPECAS LTDA          07122012000000000093233000000000000000000000000000000071220120000000000932330000000000000001513                                    00                
0330002300015J00035696554000000292540689070323450000004892467DISTRIBUIDORA AUTOMOTIVA SA   07122012000000000029254000000000000000000000000000000071220120000000000292540000000000000001517                                    00                
0330002300016J00035697554000000152780689070323420000004892452DISTRIBUIDORA AUTOMOTIVA SA   07122012000000000015278000000000000000000000000000000071220120000000000152780000000000000001518                                    00                
0330002300017J00035695554000000805600689070323440000004892468DISTRIBUIDORA AUTOMOTIVA SA   07122012000000000080560000000000000000000000000000000071220120000000000805600000000000000001519                                    00                
0330002300018J00023791554000000252290138092300000006501370000BBL SISTEMAS OPERACIONAIS LTDA07122012000000000025229000000000000000000000000000000071220120000000000252290000000000000001520                                    00                
0330002300019J00034194554000000018191124949492442938000052000EATON  LTDA                   07122012000000000001819000000000000000000000000000000071220120000000000018190000000000000001521                                    00                
0330002300020J00034195554000000206671125779400372938000052000EATON  LTDA                   07122012000000000020667000000000000000000000000000000071220120000000000206670000000000000001522                                    00                
0330002300021J00034196554000000337501125779405732938000052000EATON  LTDA                   07122012000000000033750000000000000000000000000000000071220120000000000337500000000000000001523                                    00                
0330002300022J00023791554000000734402386092305000001900028910FERROL IND E COM LTDA         07122012000000000073440000000000000000000000000000000071220120000000000734400000000000000001524                                    00                
0330002300023J00034196554000005953961126174606322938017569000FRAS-LE S/A                   07122012000000000595396000000000000000000000000000000071220120000000005953960000000000000001525                                    00                
0330002300024J00034196554000000353951090304117980109276204000GIRANDO COM DE PECAS LTDA     07122012000000000035395000000000000000000000000000000071220120000000000353950000000000000001526                                    00                
0330002300025J00034192554000000169131090000190880242411544000GLOBAL FLEX IMPRESS FLEX LTDA 07122012000000000016913000000000000000000000000000000071220120000000000169130000000000000001527                                    00                
0330002300026J00023798554000000130201440090000260534200044650KRE COMERCIO DE PECAS LTDA    07122012000000000013020000000000000000000000000000000071220120000000000130200000000000000001528                                    00                
0330002300027J00023791554000000110323394090000012557100324600MORELATE DISTR AUTOPECAS LTDA 07122012000000000011032000000000000000000000000000000071220120000000000110320000000000000001530                                    00                
0330002300028J00023798554000000231602500090256567744800000340ODAPEL DISTR DE AUTO PECAS LTD07122012000000000023160000000000000000000000000000000071220120000000000231600000000000000001531                                    00                
0330002300029J00039997554000001361408145174047404540096965001PELLEGRINO DIST DE AUTOPECAS L07122012000000000136140000000000000000000000000000000071220120000000001361400000000000000001532                                    00                
0330002300030J00039998554000002133088144665970704540096965001PELLEGRINO DIST DE AUTOPECAS L07122012000000000213308000000000000000000000000000000071220120000000002133080000000000000001533                                    00                
0330002300031J00039991554000000950208144666001204540096965001PELLEGRINO DIST DE AUTOPECAS L07122012000000000095020000000000000000000000000000000071220120000000000950200000000000000001534                                    00                
0330002300032J00039998554000008638118144666019504540096965001PELLEGRINO DIST DE AUTOPECAS L07122012000000000863811000000000000000000000000000000071220120000000008638110000000000000001535                                    00                
0330002300033J00039995554000002058796696533991504540096965001PELLEGRINO DIST DE AUTOPECAS L07122012000000000205879000000000000000000000000000000071220120000000002058790000000000000001536                                    00                
0330002300034J00039991554000000663932696544808904540096965001PELLEGRINO DIST DE AUTOPECAS L07122012000000000066393000000000000000000000000000000071220120000000000663930000000000000001537                                    00                
0330002300035J00039991554000002035102696544807004540096965001PELLEGRINO DIST DE AUTOPECAS L07122012000000000203510000000000000000000000000000000071220120000000002035100000000000000001538                                    00                
0330002300036J00039997554000001207246696533990704540096965001PELLEGRINO DIST DE AUTOPECAS L07122012000000000120724000000000000000000000000000000071220120000000001207240000000000000001539                                    00                
0330002300037J00039991554000000433406696533992304540096965001PELLEGRINO DIST DE AUTOPECAS L07122012000000000043340000000000000000000000000000000071220120000000000433400000000000000001540                                    00                
0330002300038J00000191554000000850690000001597457122148168817PETROBRAS DISTRIBUIDORA       07122012000000000085069000000000000000000000000000000071220120000000000850690000000000000001541                                    00                
0330002300039J00000195554000000967260000001597457122148169817PETROBRAS DISTRIBUIDORA       07122012000000000096726000000000000000000000000000000071220120000000000967260000000000000001542                                    00                
0330002300040J00023795554000000350403684190000017115100673000POLIPECAS DISTR AUTOMOTIVA LTD07122012000000000035040000000000000000000000000000000071220120000000000350400000000000000001543                                    00                
0330002300041J00023799554000000123123684190000017115500673000POLIPECAS DISTR AUTOMOTIVA LTD07122012000000000012312000000000000000000000000000000071220120000000000123120000000000000001544                                    00                
0330002300042J00023797554000001074803684190000017116300673000POLIPECAS DISTR AUTOMOTIVA LTD07122012000000000107480000000000000000000000000000000071220120000000001074800000000000000001545                                    00                
0330002300043J00023799554000001186883684190000017114900673000POLIPECAS DISTR AUTOMOTIVA LTD07122012000000000118688000000000000000000000000000000071220120000000001186880000000000000001546                                    00                
0330002300044J00023792554000001385193684190000017111300673000POLIPECAS DISTR AUTOMOTIVA LTD07122012000000000138519000000000000000000000000000000071220120000000001385190000000000000001547                                    00                
0330002300045J00023791554000000322063684190000017109800673000POLIPECAS DISTR AUTOMOTIVA LTD07122012000000000032206000000000000000000000000000000071220120000000000322060000000000000001548                                    00                
0330002300046J00023794554000000304603684190000017116100673000POLIPECAS DISTR AUTOMOTIVA LTD07122012000000000030460000000000000000000000000000000071220120000000000304600000000000000001549                                    00                
0330002300047J00023791554000000227283684190000017115700673000POLIPECAS DISTR AUTOMOTIVA LTD07122012000000000022728000000000000000000000000000000071220120000000000227280000000000000001550                                    00                
0330002300048J00023791554000000588503684190000017115900673000POLIPECAS DISTR AUTOMOTIVA LTD07122012000000000058850000000000000000000000000000000071220120000000000588500000000000000001551                                    00                
0330002300049J00023796554000015396633394190004046599200136510PROMAX PRODS MAXIMOS S/A IND C07122012000000001539663000000000000000000000000000000071220120000000015396630000000000000001552                                    00                
0330002300050J00039991554000000311142053186135405313093513001REAL MOTO PECAS LTDA          07122012000000000031114000000000000000000000000000000071220120000000000311140000000000000001553                                    00                
0330002300051J00039995554000006369462053187215105313093513001REAL MOTO PECAS LTDA          07122012000000000636946000000000000000000000000000000071220120000000006369460000000000000001554                                    00                
0330002300052J00039994554000001385402053187892305313093513001REAL MOTO PECAS LTDA          07122012000000000138540000000000000000000000000000000071220120000000001385400000000000000001555                                    00                
0330002300053J00039992554000001056872053186386105313093513001REAL MOTO PECAS LTDA          07122012000000000105687000000000000000000000000000000071220120000000001056870000000000000001556                                    00                
0330002300054J00039999554000001885352053186290305313093513001REAL MOTO PECAS LTDA          07122012000000000188535000000000000000000000000000000071220120000000001885350000000000000001557                                    00                
0330002300055J00023792554000001174743395061180232827300028140ROCHESTER DISTR DE AUTOPECAS S07122012000000000117474000000000000000000000000000000071220120000000001174740000000000000001558                                    00                
0330002300056J00023798554000000578453395090000004927200650000SORANA SUL                    07122012000000000057845000000000000000000000000000000071220120000000000578450000000000000001559                                    00                
0330002300057J00023794554000002902362403090000000053900230450UMA UNIAO DE MARCAS AUTOMOTIVA07122012000000000290236000000000000000000000000000000071220120000000002902360000000000000001560                                    00                
0330002300058J00034196554000001536181126129314700771528809000UNIAO COM BORR AUTO PECAS LTDA07122012000000000153618000000000000000000000000000000071220120000000001536180000000000000001561                                    00                
0330002300059J00023796554000000330000090192318000003101013270WELLBOR AUTO PECAS LTDA       07122012000000000033000000000000000000000000000000000071220120000000000330000000000000000001562                                    00                
0330002300060J00074592554200000297453680049280025004301029540DELL COMPUTADORES DO BRASIL   09122012000000000029745000000000000000000000000000000071220120000000000297450000000000000001563                                    00                
03300025         000062000000000007935586000000000000000000                                                                                                                                                                                     
03300031C2011010 205437537000137003300650049002805030006550000480000414 AUTO GERAL DE ITU LTDA                                                AV DR OCTAVIANO PEREIRA MENDES01333               ITU                 13301000SP                  
0330003300001O00085830000067172001791212075510508054375370001FGTS GRF CONVENIO 0179        07122012071220120000000006717201564                                                                                                                  
0330003300002B   800054375370001                              00000                                                  00000000  071220120000000000000000000000000000000000000000000000000000000000000000000000000000              0000000        
0330003300003O00085800000015464201791212075510508054375370002FGTS GRF CONVENIO 0179        07122012071220120000000001546421565                                                                                                                  
0330003300004B   800054375370002                              00000                                                  00000000  071220120000000000000000000000000000000000000000000000000000000000000000000000000000              0000000        
0330003300005O00085800000018694401791212075510508054375370003FGTS GRF CONVENIO 0179        07122012071220120000000001869441566                                                                                                                  
0330003300006B   800054375370003                              00000                                                  00000000  071220120000000000000000000000000000000000000000000000000000000000000000000000000000              0000000        
0330003300007O00085890000009140701791212075510508054375370004FGTS GRF CONVENIO 0179        07122012071220120000000000914071567                                                                                                                  
0330003300008B   800054375370004                              00000                                                  00000000  071220120000000000000000000000000000000000000000000000000000000000000000000000000000              0000000        
0330003300009O00085880000019584801791212075510508054375370005FGTS GRF CONVENIO 0179        07122012071220120000000001958481568                                                                                                                  
0330003300010B   800054375370005                              00000                                                  00000000  071220120000000000000000000000000000000000000000000000000000000000000000000000000000              0000000        
0330003300011O00085810000011194101791212075510508054375370006FGTS GRF CONVENIO 0179        07122012071220120000000001119411569                                                                                                                  
0330003300012B   800054375370006                              00000                                                  00000000  071220120000000000000000000000000000000000000000000000000000000000000000000000000000              0000000        
03300035         000014000000000001412502                                                                                                                                                                                                       
03399999         000003000085                                                                                                                                                                                                                   
