03300000         2054375370001370033006500490028050300065 0000480000414 AUTO GERAL DE ITU LTDA        BANCO SANTANDER                         10602201311065200009306000000                                        G4016PF00528               G4
03300011C2003031 2054375370001370033006500490028050300065 0000480000414 AUTO GERAL DE ITU LTDA                                                AV DR OCTAVIANO PEREIRA MENDES01333               ITU                 13301000SP                  
0330001300001A0000182370061900000000669008 RESIL COML INDUSTRIAL LTDA    3648                06022013BRL000000000000000000000000518661                    00000000000000000000000                                        07          0          
0330001300002B   268124858000100                              00000                                                  00000000  060220130000000005186610000000000000000000000000000000000000000000000000000000000000000           00000          
03300015         000004000000000000518661000000000000000000                                                                                                                                                                                     
03300021C2030030 205437537000137003300650049002805030006550000480000414 AUTO GERAL DE ITU LTDA                                                AV DR OCTAVIANO PEREIRA MENDES01333               ITU                 13301000SP                  
0330002300001J00003394560200000192529513931700000103962250101DISTRIBUIDORA AUTOMOTIVA S/A  07022013000000000019252000000000000000000000000000000060220130000000000192520000000000000003616                                    00                
0330002300002J00003395560200000483249512606100000032179910101SERRAF DISTR DE PECAS PARA MOT07022013000000000048324000000000000000000000000000000060220130000000000483240000000000000003641                                    00                
0330002300003J00003395560200010572179484311800000095529440104TRICO LATINOAMERICANA DO BRASI07022013000000001057217000000000000000000000000000000060220130000000010572170000000000000003642                                    00                
0330002300004J00003394560200009116979484311800000095529360104TRICO LATINOAMERICANA DO BRASI07022013000000000911697000000000000000000000000000000060220130000000009116970000000000000003643                                    00                
03300025         000006000000000002036490000000000000000000                                                                                                                                                                                     
03300031C2031030 205437537000137003300650049002805030006550000480000414 AUTO GERAL DE ITU LTDA                                                AV DR OCTAVIANO PEREIRA MENDES01333               ITU                 13301000SP                  
0330003300001J00023795560100000446520311061301399947100829680COMERCIAL AUTOMOTIVA S.A.     06022013000000000044652000000000000000000000000000000060220130000000000446520000000000000003601                                    00                
0330003300002J00023799560200000886261316090000009904900009000APS DISTRIBUIDORA DE AUTOPECAS07022013000000000088626000000000000000000000000000000060220130000000000886260000000000000003602                                    00                
0330003300003J00023791560200000087683371090000833846400719500AVEBRAZ COMERCIO DE VEICULOS E07022013000000000008768000000000000000000000000000000060220130000000000087680000000000000003603                                    00                
0330003300004J00034191560200000420001127440576650078840006000BECAP COM DE AUTO PECAS LTDA  07022013000000000042000000000000000000000000000000000060220130000000000420000000000000000003604                                    00                
0330003300005J00039996560200000474311767635349604061860231001CAR CENTRAL DE AUTOPECAS E ROL07022013000000000047431000000000000000000000000000000060220130000000000474310000000000000003605                                    00                
0330003300006J00034194560200000096501127455773980076000777000CENTER PECAS FABBRI LTDA      07022013000000000009650000000000000000000000000000000060220130000000000096500000000000000003606                                    00                
0330003300007J00023798560200000404443262090000032967400935470COMDIP COMERCIAL DISTR DE PECA07022013000000000040444000000000000000000000000000000060220130000000000404440000000000000003607                                    00                
0330003300008J00023798560200000649112002061301400161100829680COMERCIAL AUTOMOTIVA S.A.     07022013000000000064911000000000000000000000000000000060220130000000000649110000000000000003608                                    00                
0330003300009J00023799560200000122562002061301400555100829680COMERCIAL AUTOMOTIVA S.A.     07022013000000000012256000000000000000000000000000000060220130000000000122560000000000000003609                                    00                
0330003300010J00034193560200007844291127800228050045247004000D S SCHIAVETTO E CIA LTDA EPP 07022013000000000784429000000000000000000000000000000060220130000000007844290000000000000003610                                    00                
0330003300011J00023791560200006318936348093007000083701024500DAYCO POWER TRANSMISSION      07022013000000000631893000000000000000000000000000000060220130000000006318930000000000000003611                                    00                
0330003300012J00034193560200000564141127413541722938036635000DAYCO POWER TRANSMISSION      07022013000000000056414000000000000000000000000000000060220130000000000564140000000000000003612                                    00                
0330003300013J00034195560200000308701127413541802938036635000DAYCO POWER TRANSMISSION      07022013000000000030870000000000000000000000000000000060220130000000000308700000000000000003613                                    00                
0330003300014J00023791560200000350003398190000022706301324600DIBRACAM COMERCIAL LTDA       07022013000000000035000000000000000000000000000000000060220130000000000350000000000000000003614                                    00                
0330003300015J00034197560200000398431127841258770078267192000DISTRIBUIDORA DE PECAS PARA AU07022013000000000039843000000000000000000000000000000060220130000000000398430000000000000003615                                    00                
0330003300016J00035698560200000293220689070323460000003261028DISTRIBUIDORA AUTOMOTIVA S/A  07022013000000000029322000000000000000000000000000000060220130000000000293220000000000000003617                                    00                
0330003300017J00035691560200000259450689070323460000003260970DISTRIBUIDORA AUTOMOTIVA S/A  07022013000000000025945000000000000000000000000000000060220130000000000259450000000000000003618                                    00                
0330003300018J00039993560200000216803005510845103430712744001DISTRIBUIDORA AUTOMOTIVA S/A  07022013000000000021680000000000000000000000000000000060220130000000000216800000000000000003619                                    00                
0330003300019J00034191560200001239341128104127033129414797000DOFAB USINAGEM LTDA EPP       07022013000000000123934000000000000000000000000000000060220130000000001239340000000000000003620                                    00                
0330003300020J00034198560200001071461090304433950109276204000GIRANDO COMERCIO DE PECAS LTDA07022013000000000107146000000000000000000000000000000060220130000000001071460000000000000003621                                    00                
0330003300021J00000194560200000553300000001451672443735404011BANCO VOTORANTIM SA           07022013000000000055330000000000000000000000000000000060220130000000000553300000000000000003622                                    00                
0330003300022J00023799560200000626402199090000011778200203330JBI COMERCIAL DE PLASTICOS REF07022013000000000062640000000000000000000000000000000060220130000000000626400000000000000003623                                    00                
0330003300023J00023799560200000110000136093016000004201269910MEMORIAL COMERCIO DE PECAS LTD07022013000000000011000000000000000000000000000000000060220130000000000110000000000000000003624                                    00                
0330003300024J00023792560200000414282500090256571144400000340ODAPEL DISTRIBUIDORA DE AUTO P07022013000000000041428000000000000000000000000000000060220130000000000414280000000000000003625                                    00                
0330003300025J00023797560200001977772500090256571124500000340ODAPEL DISTRIBUIDORA DE AUTO P07022013000000000197777000000000000000000000000000000060220130000000001977770000000000000003626                                    00                
0330003300026J00023797560200000339632500090256571161300000340ODAPEL DISTRIBUIDORA DE AUTO P07022013000000000033963000000000000000000000000000000060220130000000000339630000000000000003627                                    00                
0330003300027J00023795560200000354342500090256571064200000340ODAPEL DISTRIBUIDORA DE AUTO P07022013000000000035434000000000000000000000000000000060220130000000000354340000000000000003628                                    00                
0330003300028J00023798560200001110052500090256571064800000340ODAPEL DISTRIBUIDORA DE AUTO P07022013000000000111005000000000000000000000000000000060220130000000001110050000000000000003629                                    00                
0330003300029J00034192560200000671001127393459920384625000000PECAS AUTOMOTIVAS ZEENE LTDA  07022013000000000067100000000000000000000000000000000060220130000000000671000000000000000003630                                    00                
0330003300030J00039991560200000622368144668928204540096965001PELLEGRINO DISTRIBUIDORA DE AU07022013000000000062236000000000000000000000000000000060220130000000000622360000000000000003631                                    00                
0330003300031J00034198560200000880001127447691110202548665000PIPO COM PECAS ROLAMENTOS LTDA07022013000000000088000000000000000000000000000000000060220130000000000880000000000000000003632                                    00                
0330003300032J00034198560200001832271128026523400191074004000POLIPECAS COMERCIAL E IMPORTAD07022013000000000183227000000000012826000000000000000060220130000000001704010000000000000003633                                    00                
0330003300033J00000192560200003527640000002226112444055706911POWER STOP INDUSTRIA E COMERCI07022013000000000352764000000000000000000000000000000060220130000000003527640000000000000003634                                    00                
0330003300034J00000194560200002429320000001597457132189959417PETROBRAS DISTRIBUIDORA       07022013000000000242932000000000000000000000000000000060220130000000002429320000000000000003635                                    00                
0330003300035J00000191560200002977080000001597457132189959117PETROBRAS DISTRIBUIDORA       07022013000000000297708000000000000000000000000000000060220130000000002977080000000000000003636                                    00                
0330003300036J00000194560200002998000000001597457132189959717PETROBRAS DISTRIBUIDORA       07022013000000000299800000000000000000000000000000000060220130000000002998000000000000000003637                                    00                
0330003300037J00000199560200001110440000001597457132189991517PETROBRAS DISTRIBUIDORA       07022013000000000111044000000000000000000000000000000060220130000000001110440000000000000003638                                    00                
0330003300038J00000192560200005412890000001597457132189960017PETROBRAS DISTRIBUIDORA       07022013000000000541289000000000000000000000000000000060220130000000005412890000000000000003639                                    00                
0330003300039J00023791560200002299563395061180232889100028140ROCHESTER DISTRIBUIDORA DE AUT07022013000000000229956000000000000000000000000000000060220130000000002299560000000000000003640                                    00                
0330003300040J00000191560200003691040000001148003000007262017VESPOR AUTOMOTIVE DIST DE AUTO07022013000000000369104000000000000000000000000000000060220130000000003691040000000000000003644                                    00                
0330003300041J00000196560200001125050000001148003000007261917VESPOR AUTOMOTIVE DIST DE AUTO07022013000000000112505000000000000000000000000000000060220130000000001125050000000000000003645                                    00                
0330003300042J00039995560200000095091767960515104540079149001BANCO SOFISA SA               07022013000000000009509000000000000000000000000000000060220130000000000095090000000000000003646                                    00                
0330003300043J00039998560200000741761767960516004540079149001BANCO SOFISA SA               07022013000000000074176000000000000000000000000000000060220130000000000741760000000000000003647                                    00                
03300035         000045000000000005822315000000000000000000                                                                                                                                                                                     
03399999         000003000057                                                                                                                                                                                                                   
