03300000         2054375370001370033006500490028050300065 0000480000414 AUTO GERAL DE ITU LTDA        BANCO SANTANDER                         10612201209502500004606000000                                        G4016PF00528               G4
03300011C2030030 205437537000137003300650049002805030006550000480000414 AUTO GERAL DE ITU LTDA                                                AV DR OCTAVIANO PEREIRA MENDES01333               ITU                 13301000SP                  
0330001300001J00003397553900000400419140743000000001035270203ROM COMERCIAL DE AUTO PECAS LT06122012000000000040041000000000000000000000000000000061220120000000000400410000000000000001480                                    00                
03300015         000003000000000000040041000000000000000000                                                                                                                                                                                     
03300021C2031030 205437537000137003300650049002805030006550000480000414 AUTO GERAL DE ITU LTDA                                                AV DR OCTAVIANO PEREIRA MENDES01333               ITU                 13301000SP                  
0330002300001J00023797553900000932003114091293598225601763000BODIPASA BOMBAS DIESEL PAULIST06122012000000000093200000000000000000000000000000000061220120000000000932000000000000000001466                                    00                
0330002300002J00039999553900000579171763507896004061860231001CAR CENTRAL DE AUTOPECAS E ROL06122012000000000057917000000000000000000000000000000061220120000000000579170000000000000001467                                    00                
0330002300003J00039991553900000805301763506483804061860231001CAR CENTRAL DE AUTOPECAS E ROL06122012000000000080530000000000000000000000000000000061220120000000000805300000000000000001468                                    00                
0330002300004J00034199553900000096001125743972640076000777000CENTER PECAS FABBRI LTDA      06122012000000000009600000000000000000000000000000000061220120000000000096000000000000000001470                                    00                
0330002300005J00034194553900000100001125743972720076000777000CENTER PECAS FABBRI LTDA      06122012000000000010000000000000000000000000000000000061220120000000000100000000000000000001471                                    00                
0330002300006J00023798553900010146703396092272000000400008270CINPAL CIA IND DE PECAS P/ AUT06122012000000001014670000000000000000000000000000000061220120000000010146700000000000000001472                                    00                
0330002300007J00023798553900000867373262090000028931000935470COMDIP COMERCIAL DISTR DE PECA06122012000000000086737000000000000000000000000000000061220120000000000867370000000000000001473                                    00                
0330002300008J00023791553900001257513262090000029284100935470COMDIP COMERCIAL DISTR DE PECA06122012000000000125751000000000000000000000000000000061220120000000001257510000000000000001474                                    00                
0330002300009J00034197553900000403801126110158872938036635000DAYCO POWER TRANSMISSION      06122012000000000040380000000000000000000000000000000061220120000000000403800000000000000001475                                    00                
0330002300010J00035699553900000153180689070323440000004891999DISTRIBUIDORA AUTOMOTIVA LTDA 06122012000000000015318000000000000000000000000000000061220120000000000153180000000000000001476                                    00                
0330002300011J00034195553900001712301126076219870078267192000DIST PECAS P/ AUTOS ANHEMBI LT06122012000000000171230000000000000000000000000000000061220120000000001712300000000000000001477                                    00                
0330002300012J00034192553900000152481124949439162938000052000EATON  LTDA                   06122012000000000015248000000000000000000000000000000061220120000000000152480000000000000001478                                    00                
0330002300013J00034192553900000127891124949440962938000052000EATON  LTDA                   06122012000000000012789000000000000000000000000000000061220120000000000127890000000000000001479                                    00                
0330002300014J00034193553900000216311090000523360046365078000VIGORITO CAMILOPOLIS          06122012000000000021631000000000000000000000000000000061220120000000000216310000000000000001481                                    00                
0330002300015J00034191553900010361161126104743822938017569000FRAS LE S/A                   06122012000000001036116000000000000000000000000000000061220120000000010361160000000000000001482                                    00                
0330002300016J00034192553900002610241090304102950109276204000GIRANDO COMERCIO DE PECAS LTDA06122012000000000261024000000000000000000000000000000061220120000000002610240000000000000001483                                    00                
0330002300017J00034198553900002764731090304103860109276204000GIRANDO COMERCIO DE PECAS LTDA06122012000000000276473000000000000000000000000000000061220120000000002764730000000000000001484                                    00                
0330002300018J00034199553900000650001124872552113909030599000HYDRONLUBZ IND C EQUIPAMENTOS 06122012000000000065000000000000000000000000000000000061220120000000000650000000000000000001485                                    00                
0330002300019J00000191553900000640790441975804933200001050131LUPORINI DISTR DE AUTOPECAS LT06122012000000000064079000000000000000000000000000000061220120000000000640790000000000000001486                                    00                
0330002300020J00023791553900000180003372090000005595000584500MAGGI CAMINHOES LTDA          06122012000000000018000000000000000000000000000000000061220120000000000180000000000000000001487                                    00                
0330002300021J00023791553900000204452500090256567685600000340ODAPEL DISTR DE AUTO PECAS LTD06122012000000000020445000000000000000000000000000000061220120000000000204450000000000000001488                                    00                
0330002300022J00039996553900000736408144665890504540096965001PELLEGRINO DISTR DE AUTO PECAS06122012000000000073640000000000000000000000000000000061220120000000000736400000000000000001489                                    00                
0330002300023J00039997553900000353556696533979604540096965001PELLEGRINO DISTR DE AUTO PECAS06122012000000000035355000000000000000000000000000000061220120000000000353550000000000000001490                                    00                
0330002300024J00023799553900000612443484092282000025201129000PETRONAS LUBRIFICANTES BRASIL 06122012000000000061244000000000000000000000000000000061220120000000000612440000000000000001491                                    00                
0330002300025J00034196553900000521501125009797220384625000000PECAS AUTOMOTIVAS ZEENE LTDA  06122012000000000052150000000000000000000000000000000061220120000000000521500000000000000001492                                    00                
0330002300026J00000196553900000673670000002096856000002170917PRV COM DE PECAS LTDA         06122012000000000067367000000000000000000000000000000061220120000000000673670000000000000001493                                    00                
0330002300027J00023792553900001236733395061180232824400028140ROCHESTER DISTR DE AUTOPECAS S06122012000000000123673000000000000000000000000000000061220120000000001236730000000000000001494                                    00                
0330002300028J00000192553900000250380000001244482993005356217RPT DISTR DE AUTO PCS         06122012000000000025038000000000000000000000000000000061220120000000000250380000000000000001495                                    00                
0330002300029J00023792553900000150843178300000005225600421060TUPER DISTRIB. PROD. METALURGI06122012000000000015084000000000000000000000000000000061220120000000000150840000000000000001496                                    00                
0330002300030J00034191553900000599881126102896163184597502000UNIVERSAL AUTOMOTIVE SYSTEMS S06122012000000000059988000000000000000000000000000000061220120000000000599880000000000000001497                                    00                
0330002300031J00039993553900001396472053187891505313093513001REAL MOTO PECAS LTDA          06122012000000000139647000000000000000000000000000000061220120000000001396470000000000000001498                                    00                
03300025         000033000000000004149324000000000000000000                                                                                                                                                                                     
03399999         000002000038                                                                                                                                                                                                                   
