03300000         2054375370001370033006500490028050300065 0000480000414 AUTO GERAL DE ITU LTDA        BANCO SANTANDER                         10702201311060600009406000000                                        G4016PF00529               G4
03300011C2030030 205437537000137003300650049002805030006550000480000414 AUTO GERAL DE ITU LTDA                                                AV DR OCTAVIANO PEREIRA MENDES01333               ITU                 13301000SP                  
0330001300001J00003391560300001244819482966200000024926790104CAR CENTRAL DE AUTOPECAS E ROL08022013000000000124481000000000000000000000000000000070220130000000001244810000000000000003653                                    00                
0330001300002J00003398560300004597299513931700000103975740101DISTRIBUIDORA AUTOMOTIVA S/A  08022013000000000459729000000000000000000000000000000070220130000000004597290000000000000003666                                    00                
0330001300003J00003395560300001148969513931700000103975820101DISTRIBUIDORA AUTOMOTIVA S/A  08022013000000000114896000000000000000000000000000000070220130000000001148960000000000000003669                                    00                
0330001300004J00003391560300001150529513931700000103975150101DISTRIBUIDORA AUTOMOTIVA S/A  08022013000000000115052000000000000000000000000000000070220130000000001150520000000000000003672                                    00                
03300015         000006000000000000814158000000000000000000                                                                                                                                                                                     
03300021C2031030 205437537000137003300650049002805030006550000480000414 AUTO GERAL DE ITU LTDA                                                AV DR OCTAVIANO PEREIRA MENDES01333               ITU                 13301000SP                  
0330002300001J00023792560300000075283372090000016371805040000ABRAO REZE COM DE VEICULOS LTD08022013000000000007528000000000000000000000000000000070220130000000000075280000000000000003649                                    00                
0330002300002J00023799560300000245003371090000833892500719500AVEBRAZ COMERCIO DE VEICULOS E08022013000000000024500000000000000000000000000000000070220130000000000245000000000000000003650                                    00                
0330002300003J00039992560300000357601768116476611960078237001BAP AUTOMOTIVA LTDA           08022013000000000035760000000000000000000000000000000070220130000000000357600000000000000003651                                    00                
0330002300004J00000191560300001791061823850758429130010401917CAMPINAS DIESEL LTDA          08022013000000000179106000000000000000000000000000000070220130000000001791060000000000000003652                                    00                
0330002300005J00039992560300000391271768236273104061860231001CAR CENTRAL DE AUTOPECAS E ROL08022013000000000039127000000000000000000000000000000070220130000000000391270000000000000003654                                    00                
0330002300006J00039993560300000285421768236290104061860231001CAR CENTRAL DE AUTOPECAS E ROL08022013000000000028542000000000000000000000000000000070220130000000000285420000000000000003655                                    00                
0330002300007J00034191560300000066401127455774060076000777000CENTER PECAS FABBRI LTDA      08022013000000000006640000000000000000000000000000000070220130000000000066400000000000000003656                                    00                
0330002300008J00034191560300000352001127455773720076000777000CENTER PECAS FABBRI LTDA      08022013000000000035200000000000000000000000000000000070220130000000000352000000000000000003657                                    00                
0330002300009J00034191560300000040301127455773800076000777000CENTER PECAS FABBRI LTDA      08022013000000000004030000000000000000000000000000000070220130000000000040300000000000000003658                                    00                
0330002300010J00034199560300003001111127731255320360545834000COBRA ROLAMENTOS E AUTO PECAS 08022013000000000300111000000000000000000000000000000070220130000000003001110000000000000003659                                    00                
0330002300011J00034192560300008177091127731257550360545834000COBRA ROLAMENTOS E AUTO PECAS 08022013000000000817709000000000000000000000000000000070220130000000008177090000000000000003660                                    00                
0330002300012J00023796560300006324212002061301398233100829680COMERCIAL AUTOMOTIVA S.A.     08022013000000000632421000000000000000000000000000000070220130000000006324210000000000000003661                                    00                
0330002300013J00023793560300000133872002061301400844100829680COMERCIAL AUTOMOTIVA S.A.     08022013000000000013387000000000000000000000000000000070220130000000000133870000000000000003662                                    00                
0330002300014J00023791560300001616922002061301398242100829680COMERCIAL AUTOMOTIVA S.A.     08022013000000000161692000000000000000000000000000000070220130000000001616920000000000000003663                                    00                
0330002300015J00034194560300000729771571445780724522114471000COML NV MILLENNIUN A P LTDA EP08022013000000000072977000000000003648000000000000000070220130000000000693290000000000000003664                                    00                
0330002300016J00074893560300001412421112202629430220404131102COMERCIAL REDE INDUSTRIA DE PE08022013000000000141242000000000000000000000000000000070220130000000001412420000000000000003665                                    00                
0330002300017J00035698560300000135620689070323490000003261306DISTRIBUIDORA AUTOMOTIVA S/A  08022013000000000013562000000000000000000000000000000070220130000000000135620000000000000003667                                    00                
0330002300018J00035692560300000371150689070323430000003261294DISTRIBUIDORA AUTOMOTIVA S/A  08022013000000000037115000000000000000000000000000000070220130000000000371150000000000000003668                                    00                
0330002300019J00035691560300000148300689070323480000003261273DISTRIBUIDORA AUTOMOTIVA S/A  08022013000000000014830000000000000000000000000000000070220130000000000148300000000000000003670                                    00                
0330002300020J00035698560300000154540689070323450000003261151DISTRIBUIDORA AUTOMOTIVA S/A  08022013000000000015454000000000000000000000000000000070220130000000000154540000000000000003671                                    00                
0330002300021J00035691560300000486620689070323490000003261280DISTRIBUIDORA AUTOMOTIVA S/A  08022013000000000048662000000000000000000000000000000070220130000000000486620000000000000003673                                    00                
0330002300022J00035691560300000269650689070323480000003261133DISTRIBUIDORA AUTOMOTIVA S/A  08022013000000000026965000000000000000000000000000000070220130000000000269650000000000000003674                                    00                
0330002300023J00023796560300003394163392023030000000600000550DRIVEWAY INDUSTRIA BRASILEIRA 08022013000000000339416000000000000000000000000000000070220130000000003394160000000000000003675                                    00                
0330002300024J00034194560300000509171127566967982938000052000EATON LTDA                    08022013000000000050917000000000000000000000000000000070220130000000000509170000000000000003676                                    00                
0330002300025J00034198560300000901951126931911192938000052000EATON LTDA                    08022013000000000090195000000000000000000000000000000070220130000000000901950000000000000003677                                    00                
0330002300026J00034191560300001724501127502180032938107808000ELIVEL AUTOMOTORES LTDA       08022013000000000172450000000000000000000000000000000070220130000000001724500000000000000003678                                    00                
0330002300027J00034191560300000388571090304442940109276204000GIRANDO COMERCIO DE PECAS LTDA08022013000000000038857000000000000000000000000000000070220130000000000388570000000000000003679                                    00                
0330002300028J00023798560300009944493372090000034895400595550FIDC MULTISETORIAL VALECRED LP08022013000000000994449000000000000000000000000000000070220130000000009944490000000000000003680                                    00                
0330002300029J00034191560300000705531090000544068052016014000IRMAOS FERRETI E CIA LTDA     08022013000000000070553000000000000000000000000000000070220130000000000705530000000000000003681                                    00                
0330002300030J00034191560300000195941126683840790017301896000LUKSNOVA S/A IND E COM        08022013000000000019594000000000001019000000000000000070220130000000000185750000000000000003682                                    00                
0330002300031J00034194560300000302121127798636720585501331000LUPORINI DISTR DE AUTOPECAS LT08022013000000000030212000000000000000000000000000000070220130000000000302120000000000000003683                                    00                
0330002300032J00023794560300000108003372097672311644400767230MAGGI VEICULOS LTDA           08022013000000000010800000000000000000000000000000000070220130000000000108000000000000000003684                                    00                
0330002300033J00023799560300000170000136093016000005201269910MEMORIAL COMERCIO DE PECAS LTD08022013000000000017000000000000000000000000000000000070220130000000000170000000000000000003685                                    00                
0330002300034J00023797560300001683542514093031000001000029770ORI INDUSTRIA DE AUTO PCS LTDA08022013000000000168354000000000000000000000000000000070220130000000001683540000000000000003686                                    00                
0330002300035J00034195560300000295901750012874540278038278000PADOVANI E PADOVANI LTDA      08022013000000000029590000000000000000000000000000000070220130000000000295900000000000000003687                                    00                
0330002300036J00039992560300005748568144669020504540096965001PELLEGRINO DISTRIBUIDORA DE AU08022013000000000574856000000000000000000000000000000070220130000000005748560000000000000003688                                    00                
0330002300037J00039991560300000383188145178336004540096965001PELLEGRINO DISTRIBUIDORA DE AU08022013000000000038318000000000000000000000000000000070220130000000000383180000000000000003689                                    00                
0330002300038J00039991560300001953878144669003504540096965001PELLEGRINO DISTRIBUIDORA DE AU08022013000000000195387000000000000000000000000000000070220130000000001953870000000000000003690                                    00                
0330002300039J00039995560300000680546696534907404540096965001PELLEGRINO DISTRIBUIDORA DE AU08022013000000000068054000000000000000000000000000000070220130000000000680540000000000000003691                                    00                
0330002300040J00039994560300001097166696534908204540096965001PELLEGRINO DISTRIBUIDORA DE AU08022013000000000109716000000000000000000000000000000070220130000000001097160000000000000003692                                    00                
0330002300041J00039992560300001490058144669015904540096965001PELLEGRINO DISTRIBUIDORA DE AU08022013000000000149005000000000000000000000000000000070220130000000001490050000000000000003693                                    00                
0330002300042J00034199560300001536961127464903026238015991000POLI FILTRO IND E COMERCIO LTD08022013000000000153696000000000000000000000000000000070220130000000001536960000000000000003694                                    00                
0330002300043J00039996560300000504443133510725205313093513001REAL MOTO PECAS LTDA          08022013000000000050444000000000000000000000000000000070220130000000000504440000000000000003695                                    00                
0330002300044J00039998560300005065333133509829605313093513001REAL MOTO PECAS LTDA          08022013000000000506533000000000000000000000000000000070220130000000005065330000000000000003696                                    00                
0330002300045J00039998560300000769843133508371005313093513001REAL MOTO PECAS LTDA          08022013000000000076984000000000000000000000000000000070220130000000000769840000000000000003697                                    00                
0330002300046J00039991560300000807223133521707405313093513001REAL MOTO PECAS LTDA          08022013000000000080722000000000000000000000000000000070220130000000000807220000000000000003698                                    00                
0330002300047J00039996560300000328733133508155505313093513001REAL MOTO PECAS LTDA          08022013000000000032873000000000000000000000000000000070220130000000000328730000000000000003699                                    00                
0330002300048J00023791560300000760000328060000000924400026300REAL MOTO PECAS LTDA          08022013000000000076000000000000000000000000000000000070220130000000000760000000000000000003700                                    00                
0330002300049J00023797560300000662423395061180232890700028140ROCHESTER DISTRIBUIDORA DE AUT08022013000000000066242000000000000000000000000000000070220130000000000662420000000000000003701                                    00                
0330002300050J00000197560300007087950000002175416000003260917SK AUTOMOTIVE S/A DISTR AUTOPE08022013000000000708795000000000000000000000000000000070220130000000007087950000000000000003702                                    00                
0330002300051J00000193560300000560290000002175416000003258617SK AUTOMOTIVE S/A DISTR AUTOPE08022013000000000056029000000000000000000000000000000070220130000000000560290000000000000003703                                    00                
0330002300052J00000194560300000614600000002175416000003258117SK AUTOMOTIVE S/A DISTR AUTOPE08022013000000000061460000000000000000000000000000000070220130000000000614600000000000000003704                                    00                
0330002300053J00023798560300000905000092093010000001300165930WILSON RUSSO AUTOPECAS LTDA   08022013000000000090500000000000000000000000000000000070220130000000000905000000000000000003705                                    00                
0330002300054J00023799560300000295000092093014000001400165930WILSON RUSSO AUTOPECAS LTDA   08022013000000000029500000000000000000000000000000000070220130000000000295000000000000000003706                                    00                
03300025         000056000000000007809394000000000000000000                                                                                                                                                                                     
03399999         000002000064                                                                                                                                                                                                                   
