03300000         2054375370001370033006500490028050300065 0000480000414 AUTO GERAL DE ITU LTDA        BANCO SANTANDER                         10801201314260000006806000000                                        G4016PF00528               G4
03300011C2030030 205437537000137003300650049002805030006550000480000414 AUTO GERAL DE ITU LTDA                                                AV DR OCTAVIANO PEREIRA MENDES01333               ITU                 13301000SP                  
0330001300001J00003394557200000884869472544100000001281710104CINPAL CIA IND DE PECAS P/ AUT08012013000000000088486000000000000000000000000000000080120130000000000884860000000000000002686                                    00                
0330001300002J00003391557200001123009472544100000001282100104CINPAL CIA IND DE PECAS P/ AUT08012013000000000112300000000000000000000000000000000080120130000000001123000000000000000002687                                    00                
03300015         000004000000000000200786000000000000000000                                                                                                                                                                                     
03300021C2031030 205437537000137003300650049002805030006550000480000414 AUTO GERAL DE ITU LTDA                                                AV DR OCTAVIANO PEREIRA MENDES01333               ITU                 13301000SP                  
0330002300001J00034195557200000243001126728344160078840006000BECAP COM DE AUTO PECAS LTDA  08012013000000000024300000000000000000000000000000000080120130000000000243000000000000000002685                                    00                
0330002300002J00034196557200001319831126979027192938040108000CINPAL CIA IND DE PECAS P/ AUT08012013000000000131983000000000000000000000000000000080120130000000001319830000000000000002688                                    00                
0330002300003J00034199557200000293781126425757432938000052000EATON LTDA                    08012013000000000029378000000000000000000000000000000080120130000000000293780000000000000002689                                    00                
0330002300004J00034195557200000219431126878901972938000052000EATON LTDA                    08012013000000000021943000000000000000000000000000000080120130000000000219430000000000000002690                                    00                
0330002300005J00034196557200000340951125995331582938000052000EATON LTDA                    08012013000000000034095000000000000000000000000000000080120130000000000340950000000000000002691                                    00                
0330002300006J00034191557200000216521126878899672938000052000EATON LTDA                    08012013000000000021652000000000000000000000000000000080120130000000000216520000000000000002692                                    00                
0330002300007J00039991557200000502891763745027103280030090001ITAVEMA ITALIA VEICULOS E MAQU08012013000000000050289000000000000000000000000000000080120130000000000502890000000000000002693                                    00                
0330002300008J00023796557200002351863372097672311505900767230MAGGI VEICULOS LTDA           08012013000000000235186000000000000000000000000000000080120130000000002351860000000000000002694                                    00                
0330002300009J00034194557200000426201126358883840384625000000PECAS AUTOMOTIVAS ZEENE LTDA  08012013000000000042620000000000000000000000000000000080120130000000000426200000000000000002695                                    00                
0330002300010J00023797557200016936723394190004047305600136510PROMAX PRODS MAXIMOS S/A IND C08012013000000001693672000000000000000000000000000000080120130000000016936720000000000000002696                                    00                
0330002300011J00039999557200001518602315344382305313093513001REAL MOTO PECAS LTDA          08012013000000000151860000000000000000000000000000000080120130000000001518600000000000000002697                                    00                
0330002300012J00039992557200010852472315343502205313093513001REAL MOTO PECAS LTDA          08012013000000001085247000000000000000000000000000000080120130000000010852470000000000000002698                                    00                
0330002300013J00023791557200000640703395090000004829700650000SORANA SUL                    08012013000000000064070000000000000000000000000000000080120130000000000640700000000000000002699                                    00                
0330002300014J00023791557200000180653395090000004940400650000SORANA SUL                    08012013000000000018065000000000000000000000000000000080120130000000000180650000000000000002700                                    00                
0330002300015J00034194557200009871211126957502013161236579000THEGA INDUSTRIA COMERCIO LTDA 08012013000000000987121000000000000000000000000000000080120130000000009871210000000000000002701                                    00                
0330002300016J00023794557200000265250545090000031618900705060TONINI DISTRIBUIDORA LTDA     08012013000000000026525000000000000000000000000000000080120130000000000265250000000000000002702                                    00                
0330002300017J00039998557200001559872400444260806573205239001RODONAVES TRANSP E ENCOMENDAS 08012013000000000155987000000000000000000000000000000080120130000000001559870000000000000002703                                    00                
0330002300018J00039997557200000389802400444261606573205239001RODONAVES TRANSP E ENCOMENDAS 08012013000000000038980000000000000000000000000000000080120130000000000389800000000000000002704                                    00                
0330002300019J00039993557200000036603512576000000036257000832RODONAVES TRANSP E ENCOMENDAS 08012013000000000003660000000000000000000000000000000080120130000000000036600000000000000002705                                    00                
03300025         000021000000000004816633000000000000000000                                                                                                                                                                                     
03399999         000002000027                                                                                                                                                                                                                   
