03300000         2054375370001370033006500490028050300065 0000480000414 AUTO GERAL DE ITU LTDA        BANCO SANTANDER                         10803201310355800011406000000                                        G4016PF00529               G4
03300011C2003031 2054375370001370033006500490028050300065 0000480000414 AUTO GERAL DE ITU LTDA                                                AV DR OCTAVIANO PEREIRA MENDES01333               ITU                 13301000SP                  
0330001300001A0007001040123400003000013382 MARCOS PAIVA DUQUE ESTRADA ME 4703                08032013BRL000000000000000000000000272500                    00000000000000000000000                                        07          0          
0330001300002B   209577113000129                              00000                                                  00000000  080320130000000002725000000000000000000000000000000000000000000000000000000000000000000           00000          
03300015         000004000000000000272500000000000000000000                                                                                                                                                                                     
03300021C2030030 205437537000137003300650049002805030006550000480000414 AUTO GERAL DE ITU LTDA                                                AV DR OCTAVIANO PEREIRA MENDES01333               ITU                 13301000SP                  
0330002300001J00003399563100000413659513931700000104221290101DISTRIBUIDORA AUTOMOTIVA S.A. 08032013000000000041365000000000000000000000000000000080320130000000000413650000000000000004676                                    00                
0330002300002J00003395563100002360509499820000000000440910104KS PRODUTOS AUTOMOTIVOS LTDA  08032013000000000236050000000000000000000000000000000080320130000000002360500000000000000004686                                    00                
0330002300003J00003391563100001937519499820000000000440830104KS PRODUTOS AUTOMOTIVOS LTDA  08032013000000000193751000000000000000000000000000000080320130000000001937510000000000000004687                                    00                
0330002300004J00003398563100010848109489019100000092333930104KSPG AUTOMOTIVE BRASIL LTDA   08032013000000001084810000000000000000000000000000000080320130000000010848100000000000000004688                                    00                
0330002300005J00003396563100006288199537802800000000009380203SPARX IND E COM DE PECAS AUTO 08032013000000000628819000000000000000000000000000000080320130000000006288190000000000000004689                                    00                
03300025         000007000000000002184795000000000000000000                                                                                                                                                                                     
03300031C2031030 205437537000137003300650049002805030006550000480000414 AUTO GERAL DE ITU LTDA                                                AV DR OCTAVIANO PEREIRA MENDES01333               ITU                 13301000SP                  
0330003300001J00023791563100000245003371090000833892600719500AVEBRAZ COMERCIO DE VEICULOS E08032013000000000024500000000000000000000000000000000080320130000000000245000000000000000004669                                    00                
0330003300002J00034198563100000846001128366733871248021303000BANCO FIBRA SA                08032013000000000084600000000000000000000000000000000080320130000000000846000000000000000004670                                    00                
0330003300003J00000192563100000440501823850832129130010401917CAMPINAS DIESEL LTDA          08032013000000000044050000000000000000000000000000000080320130000000000440500000000000000004671                                    00                
0330003300004J00034191563100000030001128278357630076000777000CENTER PECAS FABBRI LTDA      08032013000000000003000000000000000000000000000000000080320130000000000030000000000000000004672                                    00                
0330003300005J00034199563100000094981128413446690076000777000CENTER PECAS FABBRI LTDA      08032013000000000009498000000000000000000000000000000080320130000000000094980000000000000004673                                    00                
0330003300006J00034195563100000400271127692004062938036635000DAYCO POWER TRANSMISSION      08032013000000000040027000000000000000000000000000000080320130000000000400270000000000000004674                                    00                
0330003300007J00034198563100000070321127692004142938036635000DAYCO POWER TRANSMISSION      08032013000000000007032000000000000000000000000000000080320130000000000070320000000000000004675                                    00                
0330003300008J00035694563100000192440689070323400000003264994DISTRIBUIDORA AUTOMOTIVA S.A. 08032013000000000019244000000000000000000000000000000080320130000000000192440000000000000004677                                    00                
0330003300009J00034199563100000494191127567075202938000052000EATON LTDA                    08032013000000000049419000000000000000000000000000000080320130000000000494190000000000000004678                                    00                
0330003300010J00034196563100000932231127942380742938000052000EATON LTDA                    08032013000000000093223000000000000000000000000000000080320130000000000932230000000000000004679                                    00                
0330003300011J00039999563100002622003106200041709200216507001ELIANE RODRIGUES ALVES FERNAND08032013000000000262200000000000000000000000000000000080320130000000002622000000000000000004680                                    00                
0330003300012J00023794563100000346353392021330520441201078340F2 DISTRIBUIDORA DE AUTO PARTS08032013000000000034635000000000000000000000000000000080320130000000000346350000000000000004681                                    00                
0330003300013J00034197563100001356481127352361200046365078000FELICIO VIGORITO FILHOS LTDA  08032013000000000135648000000000000000000000000000000080320130000000001356480000000000000004682                                    00                
0330003300014J00034195563100000537221127352360880046365078000FELICIO VIGORITO FILHOS LTDA  08032013000000000053722000000000000000000000000000000080320130000000000537220000000000000004683                                    00                
0330003300015J00034191563100000245661090304584430109276204000GIRANDO COMERCIO DE PECAS LTDA08032013000000000024566000000000000000000000000000000080320130000000000245660000000000000004684                                    00                
0330003300016J00034196563100000308031090304587730109276204000GIRANDO COMERCIO DE PECAS LTDA08032013000000000030803000000000000000000000000000000080320130000000000308030000000000000004685                                    00                
0330003300017J00023793563100000730000136093039000003701269910MEMORIAL COMERCIO DE PECAS LTD08032013000000000073000000000000000000000000000000000080320130000000000730000000000000000004690                                    00                
0330003300018J00000195563100004645160000001512535000000960817MODEFER INDUSTRIA DE AUTO PECA08032013000000000464516000000000000000000000000000000080320130000000004645160000000000000004691                                    00                
0330003300019J00023791563100000569313394090000016576500324600MORELATE DISTRIBUIDORA DE AUTO08032013000000000056931000000000000000000000000000000080320130000000000569310000000000000004692                                    00                
0330003300020J00034198563100000330591750013265830278038278000PADOVANI E PADOVANI LTDA      08032013000000000033059000000000000000000000000000000080320130000000000330590000000000000004693                                    00                
0330003300021J00039996563100000669788144670481804540096965001PELLEGRINO DISTRIBUIDORA DE AU08032013000000000066978000000000000000000000000000000080320130000000000669780000000000000004694                                    00                
0330003300022J00034197563100001052501127464903106238015991000POLI FILTRO IND E COMERCIO LTD08032013000000000105250000000000000000000000000000000080320130000000001052500000000000000004695                                    00                
0330003300023J00034196563100001312811128880220120191074004000POLIPECAS COMERCIAL E IMPORTAD08032013000000000131281000000000009190000000000000000080320130000000001220910000000000000004696                                    00                
0330003300024J00039994563100007153703133560592905313093513001REAL MOTO PECAS LTDA          08032013000000000715370000000000000000000000000000000080320130000000007153700000000000000004697                                    00                
0330003300025J00039996563100001447513133561443005313093513001REAL MOTO PECAS LTDA          08032013000000000144751000000000000000000000000000000080320130000000001447510000000000000004698                                    00                
0330003300026J00023797563100000302800738093046000003500063200SARAIVA DISTR. AUTO PECAS LTDA08032013000000000030280000000000000000000000000000000080320130000000000302800000000000000004699                                    00                
0330003300027J00023791563100000558563395090000005215900650000SORANA SUL                    08032013000000000055856000000000000000000000000000000080320130000000000558560000000000000004700                                    00                
0330003300028J00034196563100001019121128224004070480001510000SUSIN FRANCESCUTTI METAL LTDA 08032013000000000101912000000000000000000000000000000080320130000000001019120000000000000004701                                    00                
0330003300029J00000195563100000105700000001555704202000134817VIRTUAL EXPRESS TRANSPORTES E 08032013000000000010570000000000000000000000000000000080320130000000000105700000000000000004702                                    00                
03300035         000031000000000002896731000000000000000000                                                                                                                                                                                     
03399999         000003000044                                                                                                                                                                                                                   
