03300000         2054375370001370033006500490028050300065 0000480000414 AUTO GERAL DE ITU LTDA        BANCO SANTANDER                         10804201311055500013606000000                                        G4016PF00531               G4
03300011C2003031 2054375370001370033006500490028050300065 0000480000414 AUTO GERAL DE ITU LTDA                                                AV DR OCTAVIANO PEREIRA MENDES01333               ITU                 13301000SP                  
0330001300001A0007002370014500000000005894 INDUSTRIA MECANICAS ALVARCO   5710                08042013BRL000000000000000000000000328810                    00000000000000000000000                                        07          0          
0330001300002B   254365416000132                              00000                                                  00000000  080420130000000003288100000000000000000000000000000000000000000000000000000000000000000           00000          
03300015         000004000000000000328810000000000000000000                                                                                                                                                                                     
03300021C2030030 205437537000137003300650049002805030006550000480000414 AUTO GERAL DE ITU LTDA                                                AV DR OCTAVIANO PEREIRA MENDES01333               ITU                 13301000SP                  
0330002300001J00003391566000000490009492147000000000603800104J FREITAS COM IMP E EXP LTDA  06042013000000000049000000000000000000000000000000000080420130000000000490000000000000000005624                                    00                
0330002300002J00003398566100000417009558893600000000400100104NOVA GERA COMERCIO DE PECAS LT07042013000000000041700000000000000000000000000000000080420130000000000417000000000000000005648                                    00                
0330002300003J00003393566200001082849421259200000000475970101GUMP MOTORS COMPONENTES AUTOMO08042013000000000108284000000000000000000000000000000080420130000000001082840000000000000005683                                    00                
03300025         000005000000000000198984000000000000000000                                                                                                                                                                                     
03300031C2031030 205437537000137003300650049002805030006550000480000414 AUTO GERAL DE ITU LTDA                                                AV DR OCTAVIANO PEREIRA MENDES01333               ITU                 13301000SP                  
0330003300001J00034197566000001829651128704316686873115130000AMR AUTOPARTS EMP EXP LTDA    06042013000000000182965000000000000000000000000000000080420130000000001829650000000000000005620                                    00                
0330003300002J00034191566000000035451129291956780076000777000CENTER PECAS FABBRI LTDA      06042013000000000003545000000000000000000000000000000080420130000000000035450000000000000005621                                    00                
0330003300003J00034194566000000296181126631398090017749003000DOVAC INDUSTRIA E COM LTDA    06042013000000000029618000000000001480000000000000000080420130000000000281380000000000000005622                                    00                
0330003300004J00034197566000000323241128285608732938107808000ELIVEL AUTOMOTORES LTDA       06042013000000000032324000000000000000000000000000000080420130000000000323240000000000000005623                                    00                
0330003300005J00023791566000000282063395090000005420200650000SORANA SUL                    06042013000000000028206000000000000000000000000000000080420130000000000282060000000000000005625                                    00                
0330003300006J00023791566000000500060545090000033013500705060TONINI DISTRIBUIDORA LTDA     06042013000000000050006000000000000000000000000000000080420130000000000500060000000000000005626                                    00                
0330003300007J00034198566100000623881128772145130237417159000ACCIOLY SA IMP E COM          07042013000000000062388000000000000000000000000000000080420130000000000623880000000000000005627                                    00                
0330003300008J00023791566100001302081316090000010574600009000APS DISTRIBUIDORA DE AUTOPECAS07042013000000000130208000000000000000000000000000000080420130000000001302080000000000000005628                                    00                
0330003300009J00023791566100000719561316090000010569600009000APS DISTRIBUIDORA DE AUTOPECAS07042013000000000071956000000000000000000000000000000080420130000000000719560000000000000005629                                    00                
0330003300010J00034197566100000040401129128285900076000777000CENTER PECAS FABBRI LTDA      07042013000000000004040000000000000000000000000000000080420130000000000040400000000000000005630                                    00                
0330003300011J00034199566100000026401129128286400076000777000CENTER PECAS FABBRI LTDA      07042013000000000002640000000000000000000000000000000080420130000000000026400000000000000005631                                    00                
0330003300012J00034191566100000075051129128286320076000777000CENTER PECAS FABBRI LTDA      07042013000000000007505000000000000000000000000000000080420130000000000075050000000000000005632                                    00                
0330003300013J00034196566100000712001129128286160076000777000CENTER PECAS FABBRI LTDA      07042013000000000071200000000000000000000000000000000080420130000000000712000000000000000005633                                    00                
0330003300014J00034199566100000156501129128287070076000777000CENTER PECAS FABBRI LTDA      07042013000000000015650000000000000000000000000000000080420130000000000156500000000000000005634                                    00                
0330003300015J00034192566100000074551129128286240076000777000CENTER PECAS FABBRI LTDA      07042013000000000007455000000000000000000000000000000080420130000000000074550000000000000005635                                    00                
0330003300016J00034191566100000706001129128287150076000777000CENTER PECAS FABBRI LTDA      07042013000000000070600000000000000000000000000000000080420130000000000706000000000000000005636                                    00                
0330003300017J00034193566100000895001129291956520076000777000CENTER PECAS FABBRI LTDA      07042013000000000089500000000000000000000000000000000080420130000000000895000000000000000005637                                    00                
0330003300018J00034191566100001308001129796421650249809195000DRIVEWAY INDUSTRIA BRASILEIRA 07042013000000000130800000000000000000000000000000000080420130000000001308000000000000000005638                                    00                
0330003300019J00034199566100000858101129796420330249809195000DRIVEWAY INDUSTRIA BRASILEIRA 07042013000000000085810000000000000000000000000000000080420130000000000858100000000000000005639                                    00                
0330003300020J00034191566100000371941129796423710249809195000DRIVEWAY INDUSTRIA BRASILEIRA 07042013000000000037194000000000000000000000000000000080420130000000000371940000000000000005640                                    00                
0330003300021J00034196566100009907501129796421570249809195000DRIVEWAY INDUSTRIA BRASILEIRA 07042013000000000990750000000000000000000000000000000080420130000000009907500000000000000005641                                    00                
0330003300022J00034196566100001867451129796422070249809195000DRIVEWAY INDUSTRIA BRASILEIRA 07042013000000000186745000000000000000000000000000000080420130000000001867450000000000000005642                                    00                
0330003300023J00034196566100001304191128835375272938000052000EATON LTDA                    07042013000000000130419000000000000000000000000000000080420130000000001304190000000000000005643                                    00                
0330003300024J00034196566100002402261128835378322938000052000EATON LTDA                    07042013000000000240226000000000000000000000000000000080420130000000002402260000000000000005644                                    00                
0330003300025J00034191566100000122101128835359272938000052000EATON LTDA                    07042013000000000012210000000000000000000000000000000080420130000000000122100000000000000005645                                    00                
0330003300026J00034191566100000137371128835367922938000052000EATON LTDA                    07042013000000000013737000000000000000000000000000000080420130000000000137370000000000000005646                                    00                
0330003300027J00034196566100001206311128777818592938000052000EATON LTDA                    07042013000000000120631000000000000000000000000000000080420130000000001206310000000000000005647                                    00                
0330003300028J00034198566100001356481127352381590046365078000FELICIO VIGORITO FILHOS LTDA  07042013000000000135648000000000000000000000000000000080420130000000001356480000000000000005649                                    00                
0330003300029J00034196566100000537231127352381340046365078000FELICIO VIGORITO FILHOS LTDA  07042013000000000053723000000000000000000000000000000080420130000000000537230000000000000005650                                    00                
0330003300030J00023791566100000736163180091330521551600158190GUPE DISTR DE AUTOPECAS LTDA  07042013000000000073616000000000000000000000000000000080420130000000000736160000000000000005651                                    00                
0330003300031J00023791566100007517160284281321210564400742060INDUSTRIAS DEL RECAMBIO DO BRA07042013000000000751716000000000000000000000000000000080420130000000007517160000000000000005652                                    00                
0330003300032J00023798566100000684820284281321210564300742060INDUSTRIAS DEL RECAMBIO DO BRA07042013000000000068482000000000000000000000000000000080420130000000000684820000000000000005653                                    00                
0330003300033J00000192566100002132210445422709534120000204711INSTALADORA SAO MARCOS LTDA   07042013000000000213221000000000000000000000000000000080420130000000002132210000000000000005654                                    00                
0330003300034J00023797566100000406002199090000012184800203330JBI COMERCIAL DE PLASTICOS REF07042013000000000040600000000000000000000000000000000080420130000000000406000000000000000005655                                    00                
0330003300035J00023799566100001105473394090000018519300324600MORELATE DISTRIBUIDORA DE AUTO07042013000000000110547000000000000000000000000000000080420130000000001105470000000000000005656                                    00                
0330003300036J00039991566100000599702995130979405313093513001REAL MOTO PECAS LTDA          07042013000000000059970000000000000000000000000000000080420130000000000599700000000000000005657                                    00                
0330003300037J00023791566100001380043395061180232955600028140ROCHESTER DISTRIBUIDORA DE AUT07042013000000000138004000000000000000000000000000000080420130000000001380040000000000000005658                                    00                
0330003300038J00023797566100000558563395090000005216000650000SORANA SUL                    07042013000000000055856000000000000000000000000000000080420130000000000558560000000000000005659                                    00                
0330003300039J00023799566100000100203395090000005429200650000SORANA SUL                    07042013000000000010020000000000000000000000000000000080420130000000000100200000000000000005660                                    00                
0330003300040J00023797566100000213523395090000005427500650000SORANA SUL                    07042013000000000021352000000000000000000000000000000080420130000000000213520000000000000005661                                    00                
0330003300041J00000197566100000509120000001291892000004834417VESPOR AUTOMOTIVE DIST DE AUTO07042013000000000050912000000000000000000000000000000080420130000000000509120000000000000005662                                    00                
0330003300042J00023791566100000524103381093073000054800030500CREDIT BRASIL FUNDO DE INVESTI07042013000000000052410000000000000000000000000000000080420130000000000524100000000000000005663                                    00                
0330003300043J00023798566100000332933381093073000054900030500CREDIT BRASIL FUNDO DE INVESTI07042013000000000033293000000000000000000000000000000080420130000000000332930000000000000005664                                    00                
0330003300044J00023794566200000615142622093039000008300970050ABSOLUTA DISTR DE AUTOMOVEIS L08042013000000000061514000000000000000000000000000000080420130000000000615140000000000000005665                                    00                
0330003300045J00039996566200000775608274820187004690982936001ALPHA SENSORES AUTOMOTIVOS LTD08042013000000000077560000000000000000000000000000000080420130000000000775600000000000000005666                                    00                
0330003300046J00023795566200028471141226091330870065200000070APLIC COM IND DE AUTO PECAS LT08042013000000002847114000000000000000000000000000000080420130000000028471140000000000000005667                                    00                
0330003300047J00023791566200003132182872283058000000300066220ATTOW AUTOMOTIVE IND E COM LTD08042013000000000313218000000000000000000000000000000080420130000000003132180000000000000005668                                    00                
0330003300048J00039995566200000415591771576356711960078237001BAP AUTOMOTIVA LTDA           08042013000000000041559000000000000000000000000000000080420130000000000415590000000000000005669                                    00                
0330003300049J00034197566200001813471127994852821248021303000BANCO FIBRA SA                08042013000000000181347000000000000000000000000000000080420130000000001813470000000000000005670                                    00                
0330003300050J00023794566200000330343398020000137050100607510BRAKEMATIC LTDA               08042013000000000033034000000000000000000000000000000080420130000000000330340000000000000005671                                    00                
0330003300051J00000197566200002097000444344196719140000100711CDMD COM DE VEICULOS AUTOMOTOR08042013000000000209700000000000000000000000000000000080420130000000002097000000000000000005672                                    00                
0330003300052J00035691566200000149230689070323450000003269519DISTRIBUIDORA AUTOMOTIVA S.A. 08042013000000000014923000000000000000000000000000000080420130000000000149230000000000000005673                                    00                
0330003300053J00035695566200000226200689070323430000005584958DISTRIBUIDORA AUTOMOTIVA S.A. 08042013000000000022620000000000000000000000000000000080420130000000000226200000000000000005674                                    00                
0330003300054J00035693566200000598800689070323420000003269587DISTRIBUIDORA AUTOMOTIVA S.A. 08042013000000000059880000000000000000000000000000000080420130000000000598800000000000000005675                                    00                
0330003300055J00035694566200000189540689070323470000003262769DISTRIBUIDORA AUTOMOTIVA S.A. 08042013000000000018954000000000000000000000000000000080420130000000000189540000000000000005676                                    00                
0330003300056J00023792566200000407760138093049000007201370000BBL SISTEMAS OPERACIONAIS LTDA08042013000000000040776000000000000000000000000000000080420130000000000407760000000000000005677                                    00                
0330003300057J00023793566200000285470138093057000002401370000BBL SISTEMAS OPERACIONAIS LTDA08042013000000000028547000000000000000000000000000000080420130000000000285470000000000000005678                                    00                
0330003300058J00023797566200000272600138093063000007101370000BBL SISTEMAS OPERACIONAIS LTDA08042013000000000027260000000000000000000000000000000080420130000000000272600000000000000005679                                    00                
0330003300059J00034192566200004179431129130847630765234976000GIANCAR DISTR AUTO PECAS LTDA 08042013000000000417943000000000000000000000000000000080420130000000004179430000000000000005680                                    00                
0330003300060J00034192566200000288231090304745980109276204000GIRANDO COMERCIO DE PECAS LTDA08042013000000000028823000000000000000000000000000000080420130000000000288230000000000000005681                                    00                
0330003300061J00034196566200000458711090304749940109276204000GIRANDO COMERCIO DE PECAS LTDA08042013000000000045871000000000000000000000000000000080420130000000000458710000000000000005682                                    00                
0330003300062J00034191566200000356001129133916302938074016000ITAVOX VEICULOS               08042013000000000035600000000000000000000000000000000080420130000000000356000000000000000005684                                    00                
0330003300063J00034194566200008236211129620007932395022557000KOGA KOGA CIA LTDA            08042013000000000823621000000000000000000000000000000080420130000000008236210000000000000005685                                    00                
0330003300064J00023791566200000501652718091330910173900139900LG FIXACAO COM AUTO PECAS LTDA08042013000000000050165000000000000000000000000000000080420130000000000501650000000000000005686                                    00                
0330003300065J00023795566200000041103372090000006055900584500MAGGI CAMINHOES LTDA          08042013000000000004110000000000000000000000000000000080420130000000000041100000000000000005687                                    00                
0330003300066J00023791566200000730000136093039000003801269910MEMORIAL COMERCIO DE PECAS LTD08042013000000000073000000000000000000000000000000000080420130000000000730000000000000000005688                                    00                
0330003300067J00034192566200001041591129626447070017328824000MTE THOMSON IND COM LTDA      08042013000000000104159000000000000000000000000000000080420130000000001041590000000000000005689                                    00                
0330003300068J00023793566200014618992500090256575269000000340ODAPEL DISTRIBUIDORA DE AUTO P08042013000000001461899000000000000000000000000000000080420130000000014618990000000000000005690                                    00                
0330003300069J00023791566200001863242500090256575295300000340ODAPEL DISTRIBUIDORA DE AUTO P08042013000000000186324000000000000000000000000000000080420130000000001863240000000000000005691                                    00                
0330003300070J00023795566200000159542500090256575163000000340ODAPEL DISTRIBUIDORA DE AUTO P08042013000000000015954000000000000000000000000000000080420130000000000159540000000000000005692                                    00                
0330003300071J00023792566200007369382500090256575266400000340ODAPEL DISTRIBUIDORA DE AUTO P08042013000000000736938000000000000000000000000000000080420130000000007369380000000000000005693                                    00                
0330003300072J00023791566200001891692500090256575282100000340ODAPEL DISTRIBUIDORA DE AUTO P08042013000000000189169000000000000000000000000000000080420130000000001891690000000000000005694                                    00                
0330003300073J00034193000000000000001219822406411012365225000PACAEMBU AUTO PECAS LTDA      08042013000000000015146000000000000000000000000000000080420130000000000151460000000000000005695                                    00                
0330003300074J00039991566200000454868144672036804540096965001PELLEGRINO DISTRIBUIDORA DE AU08042013000000000045486000000000000000000000000000000080420130000000000454860000000000000005696                                    00                
0330003300075J00039999566200000301622696559445004540096965001PELLEGRINO DISTRIBUIDORA DE AU08042013000000000030162000000000000000000000000000000080420130000000000301620000000000000005697                                    00                
0330003300076J00023795566200000375903484093052000154901129000PELLEGRINO DISTRIBUIDORA DE AU08042013000000000037590000000000000000000000000000000080420130000000000375900000000000000005698                                    00                
0330003300077J00023792566200017869123394190004048914100136510PROMAX PRODS MAXIMOS S/A IND C08042013000000001786912000000000000000000000000000000080420130000000017869120000000000000005699                                    00                
0330003300078J00039991566200001309962995135753505313093513001REAL MOTO PECAS LTDA          08042013000000000130996000000000000000000000000000000080420130000000001309960000000000000005700                                    00                
0330003300079J00039994566200004218982995131675805313093513001REAL MOTO PECAS LTDA          08042013000000000421898000000000000000000000000000000080420130000000004218980000000000000005701                                    00                
0330003300080J00034191566200000261131129100839172938069560000TEMPO AUTOMOVEIS PECAS LTDA   08042013000000000026113000000000000000000000000000000080420130000000000261130000000000000005702                                    00                
0330003300081J00034198566200003328551129639503190017697418000THOMSON C I COM PROD AUT LTDA 08042013000000000332855000000000000000000000000000000080420130000000003328550000000000000005703                                    00                
0330003300082J00023797566200000099823178300000007107000421060TUPER DISTRIB. PROD. METALURGI08042013000000000009982000000000000000000000000000000080420130000000000099820000000000000005704                                    00                
0330003300083J00023795566200000087002025090000000184000035990VENANPECAS LTDA               08042013000000000008700000000000000000000000000000000080420130000000000087000000000000000005705                                    00                
0330003300084J00039998566200000097861770505285904540079149001BANCO SOFISA SA               08042013000000000009786000000000000000000000000000000080420130000000000097860000000000000005706                                    00                
0330003300085J00039998566200000249821770505284004540079149001BANCO SOFISA SA               08042013000000000024982000000000000000000000000000000080420130000000000249820000000000000005707                                    00                
03300035         000087000000000015708408000000000000000000                                                                                                                                                                                     
03300041C2011010 205437537000137003300650049002805030006550000480000414 AUTO GERAL DE ITU LTDA                                                AV DR OCTAVIANO PEREIRA MENDES01333               ITU                 13301000SP                  
0330004300001O00083660000002194601103003260749880210005915015CIA PIRATININGA DE FORCA E LUZ08042013080420130000000000219465708                                                                                                                  
0330004300002B   000000000000000                              00000                                                  00000000  080420130000000000000000000000000000000000000000000000000000000000000000000000000000              0000000        
0330004300003O00083660000004721401103003295717540210002565404CIA PIRATININGA DE FORCA E LUZ08042013080420130000000000472145709                                                                                                                  
0330004300004B   000000000000000                              00000                                                  00000000  080420130000000000000000000000000000000000000000000000000000000000000000000000000000              0000000        
03300045         000006000000000000069160                                                                                                                                                                                                       
03399999         000004000104                                                                                                                                                                                                                   
