03300000         2054375370001370033006500490028050300065 0000480000414 AUTO GERAL DE ITU LTDA        BANCO SANTANDER                         10801201316542500006906000000                                        G4016PF00528               G4
03300011C2031030 205437537000137003300650049002805030006550000480000414 AUTO GERAL DE ITU LTDA                                                AV DR OCTAVIANO PEREIRA MENDES01333               ITU                 13301000SP                  
0330001300001J00034195557300000040001126905558780076000777000CENTER PECAS FABBRI LTDA      09012013000000000004000000000000000000000000000000000090120130000000000040000000000000000002706                                    00                
0330001300002J00034199557300000080001126905558860076000777000CENTER PECAS FABBRI LTDA      09012013000000000008000000000000000000000000000000000090120130000000000080000000000000000002707                                    00                
0330001300003J00023794557300000334332002061301388282100829680COMERCIAL AUTOMOTIVA S.A.     09012013000000000033433000000000000000000000000000000090120130000000000334330000000000000002708                                    00                
0330001300004J00074892557300001661381112202627830220404131101COMERCIAL REDE INDUSTRIA DE PE09012013000000000166138000000000000000000000000000000090120130000000001661380000000000000002709                                    00                
0330001300005J00035696557300000192660689070323470000004896854DISTRIBUIDORA AUTOMOTIVA S/A  09012013000000000019266000000000000000000000000000000090120130000000000192660000000000000002710                                    00                
0330001300006J00034198557300000705741090000543988052016014000IRMAOS FERRETI E CIA LTDA     09012013000000000070574000000000000000000000000000000090120130000000000705740000000000000002711                                    00                
0330001300007J00034195557300000334771126683840530017301896000LUKSNOVA S/A IND E COM        09012013000000000033477000000000001021000000000000000090120130000000000324560000000000000002712                                    00                
0330001300008J00023797557300000544903394090000013978800324600MORELATE DISTRIBUIDORA DE AUTO09012013000000000054490000000000000000000000000000000090120130000000000544900000000000000002713                                    00                
0330001300009J00039992557300000359348144667528104540096965001PELLEGRINO DISTRIBUIDORA DE AU09012013000000000035934000000000000000000000000000000090120130000000000359340000000000000002714                                    00                
0330001300010J00023791557300001657583484092342000051301129000PETRONAS LUBRIFICANTES BRASIL 09012013000000000165758000000000000000000000000000000090120130000000001657580000000000000002715                                    00                
0330001300011J00023795557300000770000328060000000924300026300COMERCIAL RT                  09012013000000000077000000000000000000000000000000000090120130000000000770000000000000000002716                                    00                
0330001300012J00000194557300001823670000001244482993005360617RPT DISTRIBUIDORA DE AUTO PECA09012013000000000182367000000000000000000000000000000090120130000000001823670000000000000002717                                    00                
0330001300013J00000191557300000224240443466758533260008018911T-PARTS COML E IMP DE AUTOPECA09012013000000000022424000000000000000000000000000000090120130000000000224240000000000000002718                                    00                
0330001300014J00034195557300000980001127002569211248087387000BANCON F I D C MULTISSETORIAL 09012013000000000098000000000000000000000000000000000090120130000000000980000000000000000002719                                    00                
0330001300015J00034196557300007983471127168573573184597502000UNIVERSAL AUTOMOTIVE SYSTEMS S09012013000000000798347000000000000000000000000000000090120130000000007983470000000000000002720                                    00                
0330001300016J00034197557300002722421127166951793184122228000UNIVERSAL AUTOMOTIVE SYSTEMS S09012013000000000272242000000000000000000000000000000090120130000000002722420000000000000002721                                    00                
0330001300017J00023797000000000000002025062025186026100001600BARROS E FILHOS LTDA          09012013000000000105672000000000000000000000000000000090120130000000001056720000000000000002722                                    00                
03300015         000019000000000002146101000000000000000000                                                                                                                                                                                     
03399999         000001000021                                                                                                                                                                                                                   
