03300000         2054375370001370033006500490028050300065 0000480000414 AUTO GERAL DE ITU LTDA        BANCO SANTANDER                         10901201310180600007106000000                                        G4016PF00528               G4
03300011C2031030 205437537000137003300650049002805030006550000480000414 AUTO GERAL DE ITU LTDA                                                AV DR OCTAVIANO PEREIRA MENDES01333               ITU                 13301000SP                  
0330001300001J00034191557300009517371127275105080191074004000POLIPECAS COMERCIAL E IMPORTAD09012013000000000951737000000000066622000000000000000090120130000000008851150000000000000002724                                    00                
0330001300002J00000192557300011755660443435024834120000359731IRMAOS AMALCABURIO LTDA       09012013000000001175566000000000000000000000000000000090120130000000011755660000000000000002725                                    00                
03300015         000004000000000002060681000000000000000000                                                                                                                                                                                     
03399999         000001000006                                                                                                                                                                                                                   
