03300000         2054375370001370033006500490028050300065 0000480000414 AUTO GERAL DE ITU LTDA        BANCO SANTANDER                         10904201310304900013706000000                                        G4016PF00531               G4
03300011C2030030 205437537000137003300650049002805030006550000480000414 AUTO GERAL DE ITU LTDA                                                AV DR OCTAVIANO PEREIRA MENDES01333               ITU                 13301000SP                  
0330001300001J00003394566300000185299513931700000104516840101DISTRIBUIDORA AUTOMOTIVA S.A. 09042013000000000018529000000000000000000000000000000090420130000000000185290000000000000005719                                    00                
0330001300002J00003392566300000576729474127700000007465840203LUPORINI DISTR DE AUTOPECAS LT09042013000000000057672000000000000000000000000000000090420130000000000576720000000000000005729                                    00                
03300015         000004000000000000076201000000000000000000                                                                                                                                                                                     
03300021C2031030 205437537000137003300650049002805030006550000480000414 AUTO GERAL DE ITU LTDA                                                AV DR OCTAVIANO PEREIRA MENDES01333               ITU                 13301000SP                  
0330002300001J00034191566300001208701129189479490237417159000ACCIOLY SA IMP E COM          09042013000000000120870000000000000000000000000000000090420130000000001208700000000000000005711                                    00                
0330002300002J00039995566300000093991771684773011960078237001BAP AUTOMOTIVA LTDA           09042013000000000009399000000000000000000000000000000090420130000000000093990000000000000005712                                    00                
0330002300003J00023798000000000000002025062025292013600001600BARROS E FILHOS LTDA          09042013000000000131495000000000000000000000000000000090420130000000001314950000000000000005713                                    00                
0330002300004J00034191566300000675001128599281971248021303000BANCO FIBRA SA                09042013000000000067500000000000000000000000000000000090420130000000000675000000000000000005714                                    00                
0330002300005J00023792566300001017733389093086000009300120490CHG AUTOMOTIVA LTDA           09042013000000000101773000000000000000000000000000000090420130000000001017730000000000000005715                                    00                
0330002300006J00034191566300000631541090000074000350755971000COSMOVIX DISTRIBUIDORA LTDA   09042013000000000063154000000000000000000000000000000090420130000000000631540000000000000005716                                    00                
0330002300007J00035693566300000249560689070323450000003269857DISTRIBUIDORA AUTOMOTIVA S.A. 09042013000000000024956000000000000000000000000000000090420130000000000249560000000000000005717                                    00                
0330002300008J00035699566300000128790689070323430000003269859DISTRIBUIDORA AUTOMOTIVA S.A. 09042013000000000012879000000000000000000000000000000090420130000000000128790000000000000005718                                    00                
0330002300009J00035692566300000239300689070323440000003269726DISTRIBUIDORA AUTOMOTIVA S.A. 09042013000000000023930000000000000000000000000000000090420130000000000239300000000000000005720                                    00                
0330002300010J00034197566300001725011127502180292938107808000ELIVEL AUTOMOTORES LTDA       09042013000000000172501000000000000000000000000000000090420130000000001725010000000000000005721                                    00                
0330002300011J00039991566300000294321770049214104570524809001F CONFUORTO IND COM PCS LTDA  09042013000000000029432000000000000000000000000000000090420130000000000294320000000000000005722                                    00                
0330002300012J00000191566300001797090445720223026590000460931FREIOS CONTROIL LTDA          09042013000000000179709000000000000000000000000000000090420130000000001797090000000000000005723                                    00                
0330002300013J00000196566300004605820445720223126590000460931FREIOS CONTROIL LTDA          09042013000000000460582000000000000000000000000000000090420130000000004605820000000000000005724                                    00                
0330002300014J00034197566300000497951090304759670109276204000GIRANDO COMERCIO DE PECAS LTDA09042013000000000049795000000000000000000000000000000090420130000000000497950000000000000005725                                    00                
0330002300015J00034197566300000100001090000654698052016014000IRMAOS FERRETI E CIA LTDA     09042013000000000010000000000000000000000000000000000090420130000000000100000000000000000005726                                    00                
0330002300016J00039991566300000207371770782197303280030090001ITAVEMA ITALIA VEICULOS E MAQU09042013000000000020737000000000000000000000000000000090420130000000000207370000000000000005727                                    00                
0330002300017J00034198566300000522001128296792922938074016000ITAVOX VEICULOS               09042013000000000052200000000000000000000000000000000090420130000000000522000000000000000005728                                    00                
0330002300018J00000194566300000685460000001216979444556370331NOVA DISTRIBUIDORA DE VEICULOS09042013000000000068546000000000000000000000000000000090420130000000000685460000000000000005730                                    00                
0330002300019J00023793566300002200600151091330850077601251750PECA MAIS COMERCIO DE AUTO PEC09042013000000000220060000000000000000000000000000000090420130000000002200600000000000000005731                                    00                
0330002300020J00039998566300001128308144672110004540096965001PELLEGRINO DISTRIBUIDORA DE AU09042013000000000112830000000000000000000000000000000090420130000000001128300000000000000005732                                    00                
0330002300021J00039998566300000594188144672152604540096965001PELLEGRINO DISTRIBUIDORA DE AU09042013000000000059418000000000000000000000000000000090420130000000000594180000000000000005733                                    00                
0330002300022J00039992566300000297662696559569304540096965001PELLEGRINO DISTRIBUIDORA DE AU09042013000000000029766000000000000000000000000000000090420130000000000297660000000000000005734                                    00                
0330002300023J00034199566300002748981129767313000191074004000POLIPECAS COMERCIAL E IMPORTAD09042013000000000274898000000000019243000000000000000090420130000000002556550000000000000005735                                    00                
0330002300024J00039991566300001744642995120787805313093513001REAL MOTO PECAS LTDA          09042013000000000174464000000000000000000000000000000090420130000000001744640000000000000005736                                    00                
0330002300025J00039993566300000308633133551792205313093513001REAL MOTO PECAS LTDA          09042013000000000030863000000000000000000000000000000090420130000000000308630000000000000005737                                    00                
0330002300026J00034192566300000333001129591417098513014608000SATTURNO SOROCABA TELEFONIA LT09042013000000000033300000000000000000000000000000000090420130000000000333000000000000000005738                                    00                
0330002300027J00034191566300000273301129591416918513014608000SATTURNO SOROCABA TELEFONIA LT09042013000000000027330000000000000000000000000000000090420130000000000273300000000000000005739                                    00                
0330002300028J00034198566300004962751129677435958949010469000TSA TECN SIST AUTOM LTDA      09042013000000000496275000000000000000000000000000000090420130000000004962750000000000000005740                                    00                
0330002300029J00034197566300001104561129644577933184122228000UNIVERSAL AUTOMOTIVE SYSTEMS S09042013000000000110456000000000000000000000000000000090420130000000001104560000000000000005741                                    00                
03300025         000031000000000003149875000000000000000000                                                                                                                                                                                     
03399999         000002000037                                                                                                                                                                                                                   
