03300000         2054375370001370033006500490028050300065 0000480000414 AUTO GERAL DE ITU LTDA        BANCO SANTANDER                         11001201309533000007206000000                                        G4016PF00528               G4
03300011C2003031 2054375370001370033006500490028050300065 0000480000414 AUTO GERAL DE ITU LTDA                                                AV DR OCTAVIANO PEREIRA MENDES01333               ITU                 13301000SP                  
0330001300001A0007003410024900000000008897 DRIVEWAY INDUSTRIA BRASILEIRA 2750                10012013BRL000000000000000000000000038165                    00000000000000000000000                                        07          0          
0330001300002B   261270369000109                              00000                                                  00000000  100120130000000000381650000000000000000000000000000000000000000000000000000000000000000           00000          
0330001300003A0007000010154660000002050374 GERAL PARTS COM PECAS E ABRASI2751                10012013BRL000000000000000000000000013657                    00000000000000000000000                                        07          0          
0330001300004B   252472438000176                              00000                                                  00000000  100120130000000000136570000000000000000000000000000000000000000000000000000000000000000           00000          
03300015         000006000000000000051822000000000000000000                                                                                                                                                                                     
03300021C2030030 205437537000137003300650049002805030006550000480000414 AUTO GERAL DE ITU LTDA                                                AV DR OCTAVIANO PEREIRA MENDES01333               ITU                 13301000SP                  
0330002300001J00003391557400000014009213650300000178473030102SINDICATO DOS EMPREGADOS NO CO10012013000000000001400000000000000000000000000000000100120130000000000014000000000000000002760                                    00                
03300025         000003000000000000001400000000000000000000                                                                                                                                                                                     
03300031C2031030 205437537000137003300650049002805030006550000480000414 AUTO GERAL DE ITU LTDA                                                AV DR OCTAVIANO PEREIRA MENDES01333               ITU                 13301000SP                  
0330003300001J00023791557400000182003372090000016221705040000ABRAO REZE COM DE VEICULOS LTD10012013000000000018200000000000000000000000000000000100120130000000000182000000000000000002726                                    00                
0330003300002J00023794557400000087673371090000833846300719500AVEBRAZ COMERCIO DE VEICULOS E10012013000000000008767000000000000000000000000000000100120130000000000087670000000000000002727                                    00                
0330003300003J00000191557400000530460443560576033620000200231BAP AUTOMOTIVA LTDA           10012013000000000053046000000000000000000000000000000100120130000000000530460000000000000002728                                    00                
0330003300004J00023791557400000990003114091294905608101763000BANCO SAFRA S/A               10012013000000000099000000000000000000000000000000000100120130000000000990000000000000000002729                                    00                
0330003300005J00023792557400000375550495092352000020000995600CAOA CAMINHOES LTDA           10012013000000000037555000000000000000000000000000000100120130000000000375550000000000000002730                                    00                
0330003300006J00023791557400000486763003092352000014401171000BANCO RENDIMENTO S/A          10012013000000000048676000000000000000000000000000000100120130000000000486760000000000000002731                                    00                
0330003300007J00034193557400000441501126905559020076000777000CENTER PECAS FABBRI LTDA      10012013000000000044150000000000000000000000000000000100120130000000000441500000000000000002732                                    00                
0330003300008J00023798557400000296513389092352000010500120490CHG AUTOMOTIVA LTDA           10012013000000000029651000000000000000000000000000000100120130000000000296510000000000000002733                                    00                
0330003300009J00023799557400002662303396092356000000500008270CINPAL CIA IND DE PECAS P/ AUT10012013000000000266230000000000000000000000000000000100120130000000002662300000000000000002734                                    00                
0330003300010J00023796557400000404453262090000032967300935470COMDIP COMERCIAL DISTR DE PECA10012013000000000040445000000000000000000000000000000100120130000000000404450000000000000002735                                    00                
0330003300011J00023792557400000350003398190000022706201324600DIBRACAM COMERCIAL LTDA       10012013000000000035000000000000000000000000000000000100120130000000000350000000000000000002736                                    00                
0330003300012J00023797557400000318640138092341000004301370000BBL SISTEMAS OPERACIONAIS LTDA10012013000000000031864000000000000000000000000000000100120130000000000318640000000000000002737                                    00                
0330003300013J00034197557400000758131126874986372938107808000ELIVEL AUTOMOTORES LTDA       10012013000000000075813000000000000000000000000000000100120130000000000758130000000000000002738                                    00                
0330003300014J00034194557400000813341570823217078169066506000GUPE DISTR DE AUTOPECAS LTDA  10012013000000000081334000000000000000000000000000000100120130000000000813340000000000000002739                                    00                
0330003300015J00023794557400002379002199090000011695600203330JBI COMERCIAL DE PLASTICOS REF10012013000000000237900000000000000000000000000000000100120130000000002379000000000000000002740                                    00                
0330003300016J00000195557400002542140443476594634280000630911JOFUND S/A                    10012013000000000254214000000000000000000000000000000100120130000000002542140000000000000002741                                    00                
0330003300017J00000191557400001669320443476594934280000630911JOFUND S/A                    10012013000000000166932000000000000000000000000000000100120130000000001669320000000000000002742                                    00                
0330003300018J00023798557400000707462718091330020147800139900LG FIXACAO COM AUTO PECAS LTDA10012013000000000070746000000000000000000000000000000100120130000000000707460000000000000002743                                    00                
0330003300019J00023793557400000174323372097672307842000536350MAGGI MOTOS LTDA              10012013000000000017432000000000000000000000000000000100120130000000000174320000000000000002744                                    00                
0330003300020J00023795557400000659103394090000014077800324600MORELATE DISTRIBUIDORA DE AUTO10012013000000000065910000000000000000000000000000000100120130000000000659100000000000000002745                                    00                
0330003300021J00000191557400003002800000002108330000000659317PECA MAIS COMERCIO DE AUTO PEC10012013000000000300280000000000000000000000000000000100120130000000003002800000000000000002746                                    00                
0330003300022J00034194557400003825771127275105160191074004000POLIPECAS COMERCIAL E IMPORTAD10012013000000000382577000000000026780000000000000000100120130000000003557970000000000000002747                                    00                
0330003300023J00034197557400000079151127301960224857950101000PUMA FUNDO DE INVEST D C NP MU10012013000000000007915000000000000000000000000000000100120130000000000079150000000000000002748                                    00                
0330003300024J00034193557400004784841127301960304857950101000PUMA FUNDO DE INVEST D C NP MU10012013000000000478484000000000000000000000000000000100120130000000004784840000000000000002749                                    00                
0330003300025J00034191557400000015001127165267540076004985000UNIMED SOROCABA COOP TRABALHO 10012013000000000001500000000000000000000000000000000100120130000000000015000000000000000002752                                    00                
0330003300026J00034193557400008222431127165267470076004985000UNIMED SOROCABA COOP TRABALHO 10012013000000000822243000000000000000000000000000000100120130000000008222430000000000000002753                                    00                
0330003300027J00040998557400013259765267115800100200071418845UNIMED SALTO/ITU COOP TRAB MED10012013000000001325976000000000000000000000000000000100120130000000013259760000000000000002754                                    00                
0330003300028J00040997557400001668005267115800100200071420327UNIMED SALTO/ITU COOP TRAB MED10012013000000000166800000000000000000000000000000000100120130000000001668000000000000000002755                                    00                
0330003300029J00034191557400000000001750175503428052145193000SINDICATO DOS EMPREGADOS NO CO10012013000000000285642000000000000000000000000000000100120130000000002856420000000000000002756                                    00                
0330003300030J00034199557400000000001750175503598052145193000SINDICATO DOS EMPREGADOS NO CO10012013000000000101225000000000000000000000000000000100120130000000001012250000000000000002757                                    00                
0330003300031J00034194557400000000001750175503678052145193000SINDICATO DOS EMPREGADOS NO CO10012013000000000038850000000000000000000000000000000100120130000000000388500000000000000002758                                    00                
0330003300032J00034198557400000000001750175932018052145193000SINDICATO DOS EMPREGADOS NO CO10012013000000000020733000000000000000000000000000000100120130000000000207330000000000000002759                                    00                
0330003300033J00034195557400000014001750178498198052144022000SINDICATO DOS EMPREGADOS NO CO10012013000000000001400000000000000000000000000000000100120130000000000014000000000000000002761                                    00                
0330003300034J00034196557400000014001750178473188052144022000SINDICATO DOS EMPREGADOS NO CO10012013000000000001400000000000000000000000000000000100120130000000000014000000000000000002762                                    00                
0330003300035J00034199557400000035001750178472928052144022000SINDICATO DOS EMPREGADOS NO CO10012013000000000003500000000000000000000000000000000100120130000000000035000000000000000002763                                    00                
0330003300036J00010495557600000000008223380113031200300612098SIND. DOS COND. DE VEICULOS RO12012013000000000002900000000000000000000000000000000100120130000000000029000000000000000002764                                    00                
0330003300037J00034196000000000918671750446129662938010580000EMPRESA BRASILEIRA DE TELECOMU10012013000000000091867000000000000000000000000000000100120130000000000918670000000000000002765                                    00                
03300035         000039000000000005689377000000000000000000                                                                                                                                                                                     
03300041C2011010 205437537000137003300650049002805030006550000480000414 AUTO GERAL DE ITU LTDA                                                AV DR OCTAVIANO PEREIRA MENDES01333               ITU                 13301000SP                  
0330004300001O00081670000000050044042013011013010000000409929PM SOROCABA                   10012013100120130000000000005002766                                                                                                                  
0330004300002B   000000000000000                              00000                                                  00000000  100120130000000000000000000000000000000000000000000000000000000000000000000000000000              0000000        
03300045         000004000000000000000500                                                                                                                                                                                                       
03399999         000004000054                                                                                                                                                                                                                   
