03300000         2054375370001370033006500490028050300065 0000480000414 AUTO GERAL DE ITU LTDA        BANCO SANTANDER                         11012201209595000004906000000                                        G4016PF00528               G4
03300011C2030030 205437537000137003300650049002805030006550000480000414 AUTO GERAL DE ITU LTDA                                                AV DR OCTAVIANO PEREIRA MENDES01333               ITU                 13301000SP                  
0330001300001J00003395554300000014009213650300000171136600102SIND EMPR COM DE ITU E REGIAO 10122012000000000001400000000000000000000000000000000101220120000000000014000000000000000001682                                    00                
0330001300002J00003398554300000021009213650300000171136790102SIND EMPR COM DE ITU E REGIAO 10122012000000000002100000000000000000000000000000000101220120000000000021000000000000000001683                                    00                
03300015         000004000000000000003500000000000000000000                                                                                                                                                                                     
03399999         000001000006                                                                                                                                                                                                                   
