03300000         2054375370001370033006500490028050300065 0000480000414 AUTO GERAL DE ITU LTDA        BANCO SANTANDER                         11012201209564500004806000000                                        G4016PF00528               G4
03300011C2003031 2054375370001370033006500490028050300065 0000480000414 AUTO GERAL DE ITU LTDA                                                AV DR OCTAVIANO PEREIRA MENDES01333               ITU                 13301000SP                  
0330001300001A0007002370327430000000034193 CERCENA SA IND METALURGICA    1691                10122012BRL000000000000000000000000358770                    00000000000000000000000                                        07          0          
0330001300002B   289423040000150                              00000                                                  00000000  101220120000000003587700000000000000000000000000000000000000000000000000000000000000000           00000          
03300015         000004000000000000358770000000000000000000                                                                                                                                                                                     
03300021C2030030 205437537000137003300650049002805030006550000480000414 AUTO GERAL DE ITU LTDA                                                AV DR OCTAVIANO PEREIRA MENDES01333               ITU                 13301000SP                  
0330002300001J00003391554100000448009173505500000005462910203BODIPASA BOMBAS DIESEL PAULIST08122012000000000044800000000000000000000000000000000101220120000000000448000000000000000001570                                    00                
0330002300002J00003397554100000513689558893600000000228290104NOVA GERA COMERCIO DE PECAS LT08122012000000000051368000000000000000000000000000000101220120000000000513680000000000000001577                                    00                
0330002300003J00003393554100002676939145594000000030633130102NEVESCAR IND E COM DE AUTO PEC08122012000000000267693000000000000000000000000000000101220120000000002676930000000000000001580                                    00                
0330002300004J00003391554300001405449421871000000000106220104AUTIMEX COM IMPORTACAO E EXPOR10122012000000000140544000000000000000000000000000000101220120000000001405440000000000000001615                                    00                
0330002300005J00003391554300001968109217864800000002056640104BELLOSA TOOLS IND E COMERCIO L10122012000000000196810000000000000000000000000000000101220120000000001968100000000000000001618                                    00                
0330002300006J00003391554300000614439513931700000103467160101DISTRIBUIDORA AUTOMOTIVA SA   10122012000000000061443000000000000000000000000000000101220120000000000614430000000000000001629                                    00                
03300025         000008000000000000762658000000000000000000                                                                                                                                                                                     
03300031C2031030 205437537000137003300650049002805030006550000480000414 AUTO GERAL DE ITU LTDA                                                AV DR OCTAVIANO PEREIRA MENDES01333               ITU                 13301000SP                  
0330003300001J00034196554100000597811125750003391248021303000BANCO FIBRA SA                08122012000000000059781000000000000000000000000000000101220120000000000597810000000000000001571                                    00                
0330003300002J00023791554100000884160495092318000081300995600CAOA CAMINHOES LTDA           08122012000000000088416000000000000000000000000000000101220120000000000884160000000000000001572                                    00                
0330003300003J00034198554100000057201125842761930076000777000CENTER PECAS FABBRI LTDA      08122012000000000005720000000000000000000000000000000101220120000000000057200000000000000001573                                    00                
0330003300004J00034191554100000825771125403462052938000052000EATON  LTDA                   08122012000000000082577000000000000000000000000000000101220120000000000825770000000000000001574                                    00                
0330003300005J00034198554100000127901125828340682938000052000EATON  LTDA                   08122012000000000012790000000000000000000000000000000101220120000000000127900000000000000001575                                    00                
0330003300006J00034191554100000168971125828326662938000052000EATON  LTDA                   08122012000000000016897000000000000000000000000000000101220120000000000168970000000000000001576                                    00                
0330003300007J00034191554100000717261124837294172938107808000ELIVEL AUTOMOTORES LTDA       08122012000000000071726000000000000000000000000000000101220120000000000717260000000000000001578                                    00                
0330003300008J00034199554100001527751126174606242938017569000FRAS LE S/A                   08122012000000000152775000000000000000000000000000000101220120000000001527750000000000000001579                                    00                
0330003300009J00023791554100000458162500090256567814500000340ODAPEL DISTR DE AUTO PECAS LTD08122012000000000045816000000000000000000000000000000101220120000000000458160000000000000001581                                    00                
0330003300010J00023791554100000275862500090256567806400000340ODAPEL DISTR DE AUTO PECAS LTD08122012000000000027586000000000000000000000000000000101220120000000000275860000000000000001582                                    00                
0330003300011J00023799554100000746163395061180232829100028140ROCHESTER DISTR DE AUTO PECAS 08122012000000000074616000000000000000000000000000000101220120000000000746160000000000000001583                                    00                
0330003300012J00034194554200000233821124951695600237417159000ACCIOLY SA IMP E COM          09122012000000000023382000000000000000000000000000000101220120000000000233820000000000000001584                                    00                
0330003300013J00034191554200000480061125481344210237417159000ACCIOLY SA IMP E COM          09122012000000000048006000000000000000000000000000000101220120000000000480060000000000000001585                                    00                
0330003300014J00034191554200000045841125743972980076000777000CENTER PECAS FABBRI LTDA      09122012000000000004584000000000000000000000000000000101220120000000000045840000000000000001586                                    00                
0330003300015J00034195554200000024001125743973060076000777000CENTER PECAS FABBRI LTDA      09122012000000000002400000000000000000000000000000000101220120000000000024000000000000000001587                                    00                
0330003300016J00034192554200002525081125502006152938000052000EATON  LTDA                   09122012000000000252508000000000000000000000000000000101220120000000002525080000000000000001588                                    00                
0330003300017J00034198554200000255721125473504812938000052000EATON  LTDA                   09122012000000000025572000000000000000000000000000000101220120000000000255720000000000000001589                                    00                
0330003300018J00034193554200000164731125473502672938000052000EATON  LTDA                   09122012000000000016473000000000000000000000000000000101220120000000000164730000000000000001590                                    00                
0330003300019J00034195554200000012271125473500512938000052000EATON  LTDA                   09122012000000000001227000000000000000000000000000000101220120000000000012270000000000000001591                                    00                
0330003300020J00034192554200000285151125473503412938000052000EATON  LTDA                   09122012000000000028515000000000000000000000000000000101220120000000000285150000000000000001592                                    00                
0330003300021J00034199554200000019371125473567282938000052000EATON  LTDA                   09122012000000000001937000000000000000000000000000000101220120000000000019370000000000000001593                                    00                
0330003300022J00034199554200001242231125473566602938000052000EATON  LTDA                   09122012000000000124223000000000000000000000000000000101220120000000001242230000000000000001594                                    00                
0330003300023J00034198554200000115471125853618122938000052000EATON  LTDA                   09122012000000000011547000000000000000000000000000000101220120000000000115470000000000000001595                                    00                
0330003300024J00034192554200000502711125853618202938000052000EATON  LTDA                   09122012000000000050271000000000000000000000000000000101220120000000000502710000000000000001596                                    00                
0330003300025J00034197554200000747671124008343812938107808000ELIVEL AUTOMOTORES LTDA       09122012000000000074767000000000000000000000000000000101220120000000000747670000000000000001597                                    00                
0330003300026J00000196554200010731530442079427034040000443511IGASA SA IND E COM DE AUTO PEC09122012000000001073153000000000000000000000000000000101220120000000010731530000000000000001598                                    00                
0330003300027J00039991554200000235601761936076103280030090001ITAVEMA ITALIA VEIC E MAQUINAS09122012000000000023560000000000000000000000000000000101220120000000000235600000000000000001599                                    00                
0330003300028J00039991554200000502901763745026303280030090001ITAVEMA ITALIA VEIC E MAQUINAS09122012000000000050290000000000000000000000000000000101220120000000000502900000000000000001600                                    00                
0330003300029J00023793554200000436871911092304000001500178030LNG IMP EXP DE AUTOPECAS LTDA 09122012000000000043687000000000000000000000000000000101220120000000000436870000000000000001601                                    00                
0330003300030J00023798554200000588183394090000012542700324600MORELATE DISTR AUTOPECAS LTDA 09122012000000000058818000000000000000000000000000000101220120000000000588180000000000000001602                                    00                
0330003300031J00034192554200000198991126171956426676980086000NOVA DISTR DE VEICULOS LTDA   09122012000000000019899000000000000000000000000000000101220120000000000198990000000000000001603                                    00                
0330003300032J00023799554200000414552500090256567916300000340ODAPEL DISTR DE AUTO PECAS LTD09122012000000000041455000000000000000000000000000000101220120000000000414550000000000000001604                                    00                
0330003300033J00023799554200001756322500090256567938600000340ODAPEL DISTR DE AUTO PECAS LTD09122012000000000175632000000000000000000000000000000101220120000000001756320000000000000001605                                    00                
0330003300034J00000193554200001190840000001236468442256257911POLO COMERCIO INTERNACIONAL LT09122012000000000119084000000000000000000000000000000101220120000000001190840000000000000001606                                    00                
0330003300035J00000199554200000437040000002206195442256264411POLO COMERCIO INTERNACIONAL LT09122012000000000043704000000000000000000000000000000101220120000000000437040000000000000001607                                    00                
0330003300036J00023799554200000661123395061180232831800028140ROCHESTER DISTR DE AUTO PECAS 09122012000000000066112000000000000000000000000000000101220120000000000661120000000000000001608                                    00                
0330003300037J00023797554200000640713395090000004829600650000SORANA SUL                    09122012000000000064071000000000000000000000000000000101220120000000000640710000000000000001609                                    00                
0330003300038J00023795554200000180663395090000004940300650000SORANA SUL                    09122012000000000018066000000000000000000000000000000101220120000000000180660000000000000001610                                    00                
0330003300039J00000192554200002967650000001148003000006964817VESPOR AUTOMOTIVE DIST DE AUTO09122012000000000296765000000000000000000000000000000101220120000000002967650000000000000001611                                    00                
0330003300040J00000197554200000691280000001148003000006964717VESPOR AUTOMOTIVE DIST DE AUTO09122012000000000069128000000000000000000000000000000101220120000000000691280000000000000001612                                    00                
0330003300041J00000191554200002909000000001291892000004375517VESPOR AUTOMOTIVE DIST DE AUTO09122012000000000290900000000000000000000000000000000101220120000000002909000000000000000001613                                    00                
0330003300042J00000195554200001651960000001291892000004375017VESPOR AUTOMOTIVE DIST DE AUTO09122012000000000165196000000000000000000000000000000101220120000000001651960000000000000001614                                    00                
0330003300043J00023791554300000221243371090000833720500719500AVEBRAZ COM DE VEICULOS E PECA10122012000000000022124000000000000000000000000000000101220120000000000221240000000000000001616                                    00                
0330003300044J00023791554300000121353371090000833783500719500AVEBRAZ COM DE VEICULOS E PECA10122012000000000012135000000000000000000000000000000101220120000000000121350000000000000001617                                    00                
0330003300045J00023797554300005646192002061201375149100829680COMERCIAL AUTOMOTIVA S.A      10122012000000000564619000000000000000000000000000000101220120000000005646190000000000000001619                                    00                
0330003300046J00023796554300002142682002061201375148100829680COMERCIAL AUTOMOTIVA S.A      10122012000000000214268000000000000000000000000000000101220120000000002142680000000000000001620                                    00                
0330003300047J00023799554300002266732002061201374983100829680COMERCIAL AUTOMOTIVA S.A      10122012000000000226673000000000000000000000000000000101220120000000002266730000000000000001621                                    00                
0330003300048J00039999554300000261051764696730904061860231001CAR CENTRAL DE AUTOPECAS E ROL10122012000000000026105000000000000000000000000000000101220120000000000261050000000000000001622                                    00                
0330003300049J00039994554300000412411764696733304061860231001CAR CENTRAL DE AUTOPECAS E ROL10122012000000000041241000000000000000000000000000000101220120000000000412410000000000000001623                                    00                
0330003300050J00039992554300000771381764696770804061860231001CAR CENTRAL DE AUTOPECAS E ROL10122012000000000077138000000000000000000000000000000101220120000000000771380000000000000001624                                    00                
0330003300051J00039997554300000593121764663095901190014197001COMERCIAL DE AUTO PECAS EMBREP10122012000000000059312000000000000000000000000000000101220120000000000593120000000000000001625                                    00                
0330003300052J00000194554300005042204584341686800370004790718DB DISTRIBUIDORA DE BATERIA LT10122012000000000504220000000000000000000000000000000101220120000000005042200000000000000001626                                    00                
0330003300053J00000196554300003734754584341686700370004790718DB DISTRIBUIDORA DE BATERIA LT10122012000000000373475000000000000000000000000000000101220120000000003734750000000000000001627                                    00                
0330003300054J00034195554300000648661125334210722938030539000DELPHI  AUTOM SYSTEMS BR LTDA 10122012000000000064866000000000000000000000000000000101220120000000000648660000000000000001628                                    00                
0330003300055J00035696554300000456430689070323420000004892494DISTRIBUIDORA AUTOMOTIVA SA   10122012000000000045643000000000000000000000000000000101220120000000000456430000000000000001630                                    00                
0330003300056J00023797554300000261320138092296000004401453000OBB CONSULTORIA E PARTICIPACOE10122012000000000026132000000000000000000000000000000101220120000000000261320000000000000001631                                    00                
0330003300057J00034191554300000115471125872142412938000052000EATON  LTDA                   10122012000000000011547000000000000000000000000000000101220120000000000115470000000000000001632                                    00                
0330003300058J00034191554300004529431126291793862938017569000FRAS LE S/A                   10122012000000000452943000000000000000000000000000000101220120000000004529430000000000000001633                                    00                
0330003300059J00034195554300000321551090304125310109276204000GIRANDO COMERCIO DE PECAS LTDA10122012000000000032155000000000000000000000000000000101220120000000000321550000000000000001634                                    00                
0330003300060J00034191554300001907371090304122670109276204000GIRANDO COMERCIO DE PECAS LTDA10122012000000000190737000000000000000000000000000000101220120000000001907370000000000000001635                                    00                
0330003300061J00034199554300000256261090304120690109276204000GIRANDO COMERCIO DE PECAS LTDA10122012000000000025626000000000000000000000000000000101220120000000000256260000000000000001636                                    00                
0330003300062J00034192554300000131301090304120850109276204000GIRANDO COMERCIO DE PECAS LTDA10122012000000000013130000000000000000000000000000000101220120000000000131300000000000000001637                                    00                
0330003300063J00023798554200000281942709091323394919500148090GUETTI COML ATACADISTA LTDA   09122012000000000028194000000000000000000000000000000101220120000000000281940000000000000001638                                    00                
0330003300064J00000194554300000260000442353596828150001150031JANCAP COMERCIO IMPORTACAO E E10122012000000000026000000000000000000000000000000000101220120000000000260000000000000000001639                                    00                
0330003300065J00000191554300002611330442741535833330001000111KOGA KOGA CIA LTDA            10122012000000000261133000000000000000000000000000000101220120000000002611330000000000000001640                                    00                
0330003300066J00034197554300000121421126219169002395022557000KOGA KOGA CIA LTDA            10122012000000000012142000000000000000000000000000000101220120000000000121420000000000000001641                                    00                
0330003300067J00034194554300001421891126219169262395022557000KOGA KOGA CIA LTDA            10122012000000000142189000000000000000000000000000000101220120000000001421890000000000000001642                                    00                
0330003300068J00034196554300000247491126219169342395022557000KOGA KOGA CIA LTDA            10122012000000000024749000000000000000000000000000000101220120000000000247490000000000000001643                                    00                
0330003300069J00023791554300000105603372090000005623900584500MAGGI CAMINHOES LTDA          10122012000000000010560000000000000000000000000000000101220120000000000105600000000000000001644                                    00                
0330003300070J00023798554300000847003372097672311502600767230MAGGI VEICULOS LTDA           10122012000000000084700000000000000000000000000000000101220120000000000847000000000000000001645                                    00                
0330003300071J00023795554300002351003372097672311505800767230MAGGI VEICULOS LTDA           10122012000000000235100000000000000000000000000000000101220120000000002351000000000000000001646                                    00                
0330003300072J00023797554300007871150356192332000008900744460BELLUNO FUNDO DE INVESTIMENTOS10122012000000000787115000000000000000000000000000000101220120000000007871150000000000000001647                                    00                
0330003300073J00023791554300000263383394090000012622800324600MORELATE DISTR AUTOPECAS LTDA 10122012000000000026338000000000000000000000000000000101220120000000000263380000000000000001648                                    00                
0330003300074J00023791554300003401262500090256567971300000340ODAPEL DISTR DE AUTO PECAS LTD10122012000000000340126000000000000000000000000000000101220120000000003401260000000000000001649                                    00                
0330003300075J00023791554300000100542500090256567973600000340ODAPEL DISTR DE AUTO PECAS LTD10122012000000000010054000000000000000000000000000000101220120000000000100540000000000000001650                                    00                
0330003300076J00023795554300003939582500090256567964900000340ODAPEL DISTR DE AUTO PECAS LTD10122012000000000393958000000000000000000000000000000101220120000000003939580000000000000001651                                    00                
0330003300077J00039995554300000493008144666088804540096965001PELLEGRINO DIST DE AUTOPECAS L10122012000000000049300000000000000000000000000000000101220120000000000493000000000000000001652                                    00                
0330003300078J00034198554300000872881126269385450191074004000POLIPECAS COMERCIAL E IMPORTAD10122012000000000087288000000000006110000000000000000101220120000000000811780000000000000001653                                    00                
0330003300079J00000196554300000363450000002096856000002163117PRV COM DE PECAS LTDA         10122012000000000036345000000000000000000000000000000101220120000000000363450000000000000001654                                    00                
0330003300080J00039995554300002619462315304407405313093513001REAL MOTO PECAS LTDA          10122012000000000261946000000000000000000000000000000101220120000000002619460000000000000001655                                    00                
0330003300081J00000198554300001823670000001244482993005360417RPT DISTR DE AUTO PCS         10122012000000000182367000000000000000000000000000000101220120000000001823670000000000000001656                                    00                
0330003300082J00023792554300007043200738092340000003200063200SARAIVA DISTR. AUTO PECAS LTDA10122012000000000704320000000000000000000000000000000101220120000000007043200000000000000001657                                    00                
0330003300083J00000192554300006271160000002175416000002785217SK AUTOMOTIVE S/A DIST AUTOPEC10122012000000000627116000000000000000000000000000000101220120000000006271160000000000000001658                                    00                
0330003300084J00000198554300001317220000002175416000002794117SK AUTOMOTIVE S/A DIST AUTOPEC10122012000000000131722000000000000000000000000000000101220120000000001317220000000000000001659                                    00                
0330003300085J00000191554300002250080000002175416000002784717SK AUTOMOTIVE S/A DIST AUTOPEC10122012000000000225008000000000000000000000000000000101220120000000002250080000000000000001660                                    00                
0330003300086J00000194554300001223340000002175416000002784917SK AUTOMOTIVE S/A DIST AUTOPEC10122012000000000122334000000000000000000000000000000101220120000000001223340000000000000001661                                    00                
0330003300087J00000195554300001339190000001451450000034092417SK AUTOMOTIVE S/A DIST AUTOPEC10122012000000000133919000000000000000000000000000000101220120000000001339190000000000000001662                                    00                
0330003300088J00000191554300001359190000001451450000034087617SK AUTOMOTIVE S/A DIST AUTOPEC10122012000000000135919000000000000000000000000000000101220120000000001359190000000000000001663                                    00                
0330003300089J00000195554300000990550000001451450000034086717SK AUTOMOTIVE S/A DIST AUTOPEC10122012000000000099055000000000000000000000000000000101220120000000000990550000000000000001664                                    00                
0330003300090J00034193554300000207621125711949382938069560000TEMPO AUTOMOVEIS PECAS LTDA   10122012000000000020762000000000000000000000000000000101220120000000000207620000000000000001665                                    00                
0330003300091J00023796554300008013593178190000018234100421050TUPER DISTRIB. PROD. METALURGI10122012000000000801359000000000000000000000000000000101220120000000008013590000000000000001666                                    00                
0330003300092J00039994554300000110821764364073204540079149001BANCO SOFISA SA               10122012000000000011082000000000000000000000000000000101220120000000000110820000000000000001667                                    00                
0330003300093J00039991554300000503461764364074004540079149001BANCO SOFISA SA               10122012000000000050346000000000000000000000000000000101220120000000000503460000000000000001668                                    00                
0330003300094J00039997554300001308941764364075904540079149001BANCO SOFISA SA               10122012000000000130894000000000000000000000000000000101220120000000001308940000000000000001669                                    00                
0330003300095J00039997554300000304231764364076704540079149001BANCO SOFISA SA               10122012000000000030423000000000000000000000000000000101220120000000000304230000000000000001670                                    00                
0330003300096J00034193554300008222431126223918140076004985000UNIMED SOROCABA COOP TRABALHO 10122012000000000822243000000000000000000000000000000101220120000000008222430000000000000001671                                    00                
0330003300097J00040992554300000456005267115800100200071370125UNIMED SALTO/ITU COOP TRAB MED10122012000000000045600000000000000000000000000000000101220120000000000456000000000000000001672                                    00                
0330003300098J00040993554300012953365267115800100200071368643UNIMED SALTO/ITU COOP TRAB MED10122012000000001295336000000000000000000000000000000101220120000000012953360000000000000001673                                    00                
0330003300099J00034193554300000842511570651126056260139677000ABDELNOR II COM COMB LTDA     10122012000000000084251000000000000000000000000000000101220120000000000842510000000000000001674                                    00                
0330003300100J00034196554300000335421570651213030278483557000AUTO POSTO ESTRADAO DE ITU LTD10122012000000000033542000000000000000000000000000000101220120000000000335420000000000000001675                                    00                
0330003300101J00023792000000000000002025062025186017400001600BARROS E FILHOS LTDA          10122012000000000129509000000000000000000000000000000101220120000000001295090000000000000001676                                    00                
0330003300102J00034195554300000000001750173790808052145193000SIND EMPR COM DE ITU E REGIAO 10122012000000000063489000000000000000000000000000000101220120000000000634890000000000000001677                                    00                
0330003300103J00034197554300000000001750173790988052145193000SIND EMPR COM DE ITU E REGIAO 10122012000000000015357000000000000000000000000000000101220120000000000153570000000000000001678                                    00                
0330003300104J00034197554300000000001750173791068052145193000SIND EMPR COM DE ITU E REGIAO 10122012000000000008262000000000000000000000000000000101220120000000000082620000000000000001679                                    00                
0330003300105J00034191554300000000001750173981488052145193000SIND EMPR COM DE ITU E REGIAO 10122012000000000019189000000000000000000000000000000101220120000000000191890000000000000001680                                    00                
0330003300106J00034192554300000000001750173791148052145193000SIND EMPR COM DE ITU E REGIAO 10122012000000000010715000000000000000000000000000000101220120000000000107150000000000000001681                                    00                
0330003300107J00034191554300000035001750171136538052144022000SIND EMPR COM DE ITU E REGIAO 10122012000000000003500000000000000000000000000000000101220120000000000035000000000000000001684                                    00                
0330003300108J00034197554300000014001750171161858052144022000SIND EMPR COM DE ITU E REGIAO 10122012000000000001400000000000000000000000000000000101220120000000000014000000000000000001685                                    00                
0330003300109J00034191554300000000001750543753718052145193000SIND EMPR COM DE ITU E REGIAO 10122012000000000006426000000000000000000000000000000101220120000000000064260000000000000001686                                    00                
0330003300110J00010498554500000000008223381212031200300612098SIND DOS COND. DE VEICULOS ROD12122012000000000002900000000000000000000000000000000101220120000000000029000000000000000001688                                    00                
03300035         000112000000000015667193000000000000000000                                                                                                                                                                                     
03300041C2011010 205437537000137003300650049002805030006550000480000414 AUTO GERAL DE ITU LTDA                                                AV DR OCTAVIANO PEREIRA MENDES01333               ITU                 13301000SP                  
0330004300001O00084690000001225402512012121029500000021995178NET SAO PAULO LTDA - SP       10122012101220120000000000122541689                                                                                                                  
0330004300002B   000000000000000                              00000                                                  00000000  101220120000000000000000000000000000000000000000000000000000000000000000000000000000              0000000        
03300045         000004000000000000012254                                                                                                                                                                                                       
03300051C2011010 205437537000137003300650049002805030006550000480000414 AUTO GERAL DE ITU LTDA                                                AV DR OCTAVIANO PEREIRA MENDES01333               ITU                 13301000SP                  
0330005300001O00081650000000050044042012121012120000000344729PM SOROCABA                   10122012101220120000000000005001690                                                                                                                  
0330005300002B   000000000000000                              00000                                                  00000000  101220120000000000000000000000000000000000000000000000000000000000000000000000000000              0000000        
03300055         000004000000000000000500                                                                                                                                                                                                       
03399999         000005000134                                                                                                                                                                                                                   
