03300000         2054375370001370033006500490028050300065 0000480000414 AUTO GERAL DE ITU LTDA        BANCO SANTANDER                         11004201310523100013806000000                                        G4016PF00531               G4
03300011C2003031 2054375370001370033006500490028050300065 0000480000414 AUTO GERAL DE ITU LTDA                                                AV DR OCTAVIANO PEREIRA MENDES01333               ITU                 13301000SP                  
0330001300001A0007002370247400000000173703 ARAMAR PECAS AUTOMOTIVAS LTDA 5794                10042013BRL000000000000000000000000132288                    00000000000000000000000                                        07          0          
0330001300002B   208640608000192                              00000                                                  00000000  100420130000000001322880000000000000000000000000000000000000000000000000000000000000000           00000          
0330001300003A0000182370055090000000002321 JAMAICA IND DE ARTEFATOS DE BO5795                10042013BRL000000000000000000000001060667                    00000000000000000000000                                        07          0          
0330001300004B   262157094000164                              00000                                                  00000000  100420130000000010606670000000000000000000000000000000000000000000000000000000000000000           00000          
03300015         000006000000000001192955000000000000000000                                                                                                                                                                                     
03300021C2030030 205437537000137003300650049002805030006550000480000414 AUTO GERAL DE ITU LTDA                                                AV DR OCTAVIANO PEREIRA MENDES01333               ITU                 13301000SP                  
0330002300001J00003394566400000112859513931700000104532290101DISTRIBUIDORA AUTOMOTIVA S.A. 10042013000000000011285000000000000000000000000000000100420130000000000112850000000000000005753                                    00                
0330002300002J00003399566400000414619513931700000104531560101DISTRIBUIDORA AUTOMOTIVA S.A. 10042013000000000041461000000000000000000000000000000100420130000000000414610000000000000005754                                    00                
0330002300003J00003394566400000289909492147000000000600970104J FREITAS COM IMP E EXP LTDA  10042013000000000028990000000000000000000000000000000100420130000000000289900000000000000005762                                    00                
0330002300004J00003398566400000035009213650300000181713110102SINDICATO DOS EMPREGADOS NO CO10042013000000000003500000000000000000000000000000000100420130000000000035000000000000000005789                                    00                
0330002300005J00003392566400000014009213650300000181713200102SINDICATO DOS EMPREGADOS NO CO10042013000000000001400000000000000000000000000000000100420130000000000014000000000000000005790                                    00                
0330002300006J00003392566400000014009213650300000181713380102SINDICATO DOS EMPREGADOS NO CO10042013000000000001400000000000000000000000000000000100420130000000000014000000000000000005791                                    00                
0330002300007J00003397566400000014009213650300000181739850102SINDICATO DOS EMPREGADOS NO CO10042013000000000001400000000000000000000000000000000100420130000000000014000000000000000005792                                    00                
03300025         000009000000000000089436000000000000000000                                                                                                                                                                                     
03300031C2031030 205437537000137003300650049002805030006550000480000414 AUTO GERAL DE ITU LTDA                                                AV DR OCTAVIANO PEREIRA MENDES01333               ITU                 13301000SP                  
0330003300001J00023794566400000802792698091330910000602004530ABDELNOR II COM COMB LTDA     10042013000000000080279000000000000000000000000000000100420130000000000802790000000000000005742                                    00                
0330003300002J00034191566400000130001129714042429107002439000AUTO PECAS CASTRO LTDA        10042013000000000013000000000000000000000000000000000100420130000000000130000000000000000005743                                    00                
0330003300003J00034194566400000387981572351236350278483557000AUTO POSTO ESTRADAO DE ITU LTD10042013000000000038798000000000000000000000000000000100420130000000000387980000000000000005744                                    00                
0330003300004J00034191566400002023501127508453911248021303000BANCO FIBRA SA                10042013000000000202350000000000000000000000000000000100420130000000002023500000000000000005745                                    00                
0330003300005J00034195566400000130001090000351230278067418000CAPITAL EMBALAGENS DESCAT LTDA10042013000000000013000000000000000000000000000000000100420130000000000130000000000000000005746                                    00                
0330003300006J00034199566400000059001129384593700076000777000CENTER PECAS FABBRI LTDA      10042013000000000005900000000000000000000000000000000100420130000000000059000000000000000005747                                    00                
0330003300007J00034198566400000173501129384593470076000777000CENTER PECAS FABBRI LTDA      10042013000000000017350000000000000000000000000000000100420130000000000173500000000000000005748                                    00                
0330003300008J00034195566400000800001129384593540076000777000CENTER PECAS FABBRI LTDA      10042013000000000080000000000000000000000000000000000100420130000000000800000000000000000005749                                    00                
0330003300009J00034191566400000031501129384593880076000777000CENTER PECAS FABBRI LTDA      10042013000000000003150000000000000000000000000000000100420130000000000031500000000000000005750                                    00                
0330003300010J00000193566400009297834584340000000000100058321DB DISTRIBUIDORA DE BATERIAS L10042013000000000929783000000000000000000000000000000100420130000000009297830000000000000005751                                    00                
0330003300011J00034191566400006030241128793316532938030539000DELPHI AUTOM SYSTEMS BR LTDA  10042013000000000603024000000000000000000000000000000100420130000000006030240000000000000005752                                    00                
0330003300012J00000191566400000081501839690609318490001531417ENGRECAMP DISTR DE ENGRENAGENS10042013000000000008150000000000000000000000000000000100420130000000000081500000000000000005755                                    00                
0330003300013J00000197566400002193770000001743106000000219717FOCUS PRODUTOS AUTOMOTIVOS LTD10042013000000000219377000000000000000000000000000000100420130000000002193770000000000000005756                                    00                
0330003300014J00034192566400007359721129527342292938017569000FRAS-LE S/A                   10042013000000000735972000000000000000000000000000000100420130000000007359720000000000000005757                                    00                
0330003300015J00034195566400004533761129762111962938017569000FRAS-LE S/A                   10042013000000000453376000000000000000000000000000000100420130000000004533760000000000000005758                                    00                
0330003300016J00034197566400000666301090304769160109276204000GIRANDO COMERCIO DE PECAS LTDA10042013000000000066630000000000000000000000000000000100420130000000000666300000000000000005759                                    00                
0330003300017J00034196566400000371431090304769080109276204000GIRANDO COMERCIO DE PECAS LTDA10042013000000000037143000000000000000000000000000000100420130000000000371430000000000000005760                                    00                
0330003300018J00034196566400000121021090304763460109276204000GIRANDO COMERCIO DE PECAS LTDA10042013000000000012102000000000000000000000000000000100420130000000000121020000000000000005761                                    00                
0330003300019J00023799566400015526653372093086000004705096800METALURGICA SCHADEK LTDA      10042013000000001552665000000000000000000000000000000100420130000000015526650000000000000005763                                    00                
0330003300020J00023795566400003357232511193079000003900043930MONPAR IND COM DE AUTO PECAS L10042013000000000335723000000000000000000000000000000100420130000000003357230000000000000005764                                    00                
0330003300021J00000199566400000715800000002108330000000813217PECA MAIS COMERCIO DE AUTO PEC10042013000000000071580000000000000000000000000000000100420130000000000715800000000000000005765                                    00                
0330003300022J00039998566400000971708144672164004540096965001PELLEGRINO DISTRIBUIDORA DE AU10042013000000000097170000000000000000000000000000000100420130000000000971700000000000000005766                                    00                
0330003300023J00039999566400000694968144672205004540096965001PELLEGRINO DISTRIBUIDORA DE AU10042013000000000069496000000000000000000000000000000100420130000000000694960000000000000005767                                    00                
0330003300024J00039992566400000325188144672194104540096965001PELLEGRINO DISTRIBUIDORA DE AU10042013000000000032518000000000000000000000000000000100420130000000000325180000000000000005768                                    00                
0330003300025J00023799566400000583423484093044000053001129000PETRONAS LUBRIFICANTES BRASIL 10042013000000000058342000000000000000000000000000000100420130000000000583420000000000000005769                                    00                
0330003300026J00034195566400001755671129767313180191074004000POLIPECAS COMERCIAL E IMPORTAD10042013000000000175567000000000012290000000000000000100420130000000001632770000000000000005770                                    00                
0330003300027J00039992566400000313142995129569605313093513001REAL MOTO PECAS LTDA          10042013000000000031314000000000000000000000000000000100420130000000000313140000000000000005771                                    00                
0330003300028J00039997566400000304083133562841405313093513001REAL MOTO PECAS LTDA          10042013000000000030408000000000000000000000000000000100420130000000000304080000000000000005772                                    00                
0330003300029J00000191566400002123000000001291892000004853217VESPOR AUTOMOTIVE DIST DE AUTO10042013000000000212300000000000000000000000000000000100420130000000002123000000000000000005773                                    00                
0330003300030J00000199566400000578680000001148003000007562717VESPOR AUTOMOTIVE DIST DE AUTO10042013000000000057868000000000000000000000000000000100420130000000000578680000000000000005774                                    00                
0330003300031J00000197566400000241980000001291892000004852217VESPOR AUTOMOTIVE DIST DE AUTO10042013000000000024198000000000000000000000000000000100420130000000000241980000000000000005775                                    00                
0330003300032J00000191566400000940980000001148003000007562817VESPOR AUTOMOTIVE DIST DE AUTO10042013000000000094098000000000000000000000000000000100420130000000000940980000000000000005776                                    00                
0330003300033J00000199566400000357160000001291892000004852317VESPOR AUTOMOTIVE DIST DE AUTO10042013000000000035716000000000000000000000000000000100420130000000000357160000000000000005777                                    00                
0330003300034J00000195566400000409670000001148003000007562617VESPOR AUTOMOTIVE DIST DE AUTO10042013000000000040967000000000000000000000000000000100420130000000000409670000000000000005778                                    00                
0330003300035J00009093566400014558453801000010023413000236626UNIMED SALTO/ITU COOP TRAB MED10042013000000001455845000000000000000000000000000000100420130000000014558450000000000000005779                                    00                
0330003300036J00009091566400001680003801000010023413000237991UNIMED SALTO/ITU COOP TRAB MED10042013000000000168000000000000000000000000000000000100420130000000001680000000000000000005780                                    00                
0330003300037J00034197566400000037331129670348540076004985000UNIMED SOROCABA COOP TRABALHO 10042013000000000003733000000000000000000000000000000100420130000000000037330000000000000005781                                    00                
0330003300038J00034197566400000015001129670348700076004985000UNIMED SOROCABA COOP TRABALHO 10042013000000000001500000000000000000000000000000000100420130000000000015000000000000000005782                                    00                
0330003300039J00034191566400008343021129670348620076004985000UNIMED SOROCABA COOP TRABALHO 10042013000000000834302000000000000000000000000000000100420130000000008343020000000000000005783                                    00                
0330003300040J00034199566400000000001750180398818052145193000SINDICATO DOS EMPREGADOS NO CO10042013000000000067899000000000000000000000000000000100420130000000000678990000000000000005784                                    00                
0330003300041J00034191566400000000001750180398998052145193000SINDICATO DOS EMPREGADOS NO CO10042013000000000015434000000000000000000000000000000100420130000000000154340000000000000005785                                    00                
0330003300042J00034191566400000000001750180399078052145193000SINDICATO DOS EMPREGADOS NO CO10042013000000000009250000000000000000000000000000000100420130000000000092500000000000000005786                                    00                
0330003300043J00034196566400000000001750180577848052145193000SINDICATO DOS EMPREGADOS NO CO10042013000000000023967000000000000000000000000000000100420130000000000239670000000000000005787                                    00                
0330003300044J00034196566400000000001750180399158052145193000SINDICATO DOS EMPREGADOS NO CO10042013000000000010863000000000000000000000000000000100420130000000000108630000000000000005788                                    00                
03300035         000046000000000009017817000000000000000000                                                                                                                                                                                     
03300041C2011010 205437537000137003300650049002805030006550000480000414 AUTO GERAL DE ITU LTDA                                                AV DR OCTAVIANO PEREIRA MENDES01333               ITU                 13301000SP                  
0330004300001O00084650000001616402512013041029500000026404619NET SAO PAULO LTDA - SP       10042013100420130000000000161645793                                                                                                                  
0330004300002B   000000000000000                              00000                                                  00000000  100420130000000000000000000000000000000000000000000000000000000000000000000000000000              0000000        
03300045         000004000000000000016164                                                                                                                                                                                                       
03399999         000004000067                                                                                                                                                                                                                   
