03300000         2054375370001370033006500490028050300065 0000480000414 AUTO GERAL DE ITU LTDA        BANCO SANTANDER                         11103201315243000011506000000                                        G4016PF00529               G4
03300011C2003031 2054375370001370033006500490028050300065 0000480000414 AUTO GERAL DE ITU LTDA                                                AV DR OCTAVIANO PEREIRA MENDES01333               ITU                 13301000SP                  
0330001300001A0007002370161400000000575402 AUTO POSTO CENTURY CAR LTDA   4791                11032013BRL000000000000000000000000070127                    00000000000000000000000                                        07          0          
0330001300002B   210417359000112                              00000                                                  00000000  110320130000000000701270000000000000000000000000000000000000000000000000000000000000000           00000          
03300015         000004000000000000070127000000000000000000                                                                                                                                                                                     
03300021C2030030 205437537000137003300650049002805030006550000480000414 AUTO GERAL DE ITU LTDA                                                AV DR OCTAVIANO PEREIRA MENDES01333               ITU                 13301000SP                  
0330002300001J00003393563200001082839421259200000000475700101GUMP MOTORS COMPONENTES AUTOMO09032013000000000108283000000000000000000000000000000110320130000000001082830000000000000004707                                    00                
0330002300002J00003395563300000469859492147000000000559300104J FREITAS COM IMP E EXP LTDA  10032013000000000046985000000000000000000000000000000110320130000000000469850000000000000004723                                    00                
0330002300003J00003391563400000108009151180700000300457460104INFOR-REL COM SERV LTDA EPP   11032013000000000010800000000000000000000000000000000110320130000000000108000000000000000004744                                    00                
0330002300004J00003391563400003658679482285400000091874130203JOFUND S/A                    11032013000000000365867000000000000000000000000000000110320130000000003658670000000000000004746                                    00                
0330002300005J00003395563400000768909474127700000007454480203LUPORINI DISTR DE AUTOPECAS LT11032013000000000076890000000000000000000000000000000110320130000000000768900000000000000004747                                    00                
0330002300006J00003399563400004903059121618000000004360110203TARANTO COML IMP E EXP        11032013000000000490305000000000000000000000000000000110320130000000004903050000000000000004765                                    00                
0330002300007J00003391563400004954059121618000000004361270203TARANTO COML IMP E EXP        11032013000000000495405000000000000000000000000000000110320130000000004954050000000000000004766                                    00                
0330002300008J00003396563300000035009213650300000180153010102SINDICATO DOS EMPREGADOS NO CO10032013000000000003500000000000000000000000000000000110320130000000000035000000000000000004787                                    00                
0330002300009J00003391563300000014009213650300000180153100102SINDICATO DOS EMPREGADOS NO CO10032013000000000001400000000000000000000000000000000110320130000000000014000000000000000004788                                    00                
0330002300010J00003391563300000014009213650300000180153280102SINDICATO DOS EMPREGADOS NO CO10032013000000000001400000000000000000000000000000000110320130000000000014000000000000000004789                                    00                
0330002300011J00003396563300000014009213650300000180179590102SINDICATO DOS EMPREGADOS NO CO10032013000000000001400000000000000000000000000000000110320130000000000014000000000000000004790                                    00                
03300025         000013000000000001602235000000000000000000                                                                                                                                                                                     
03300031C2031030 205437537000137003300650049002805030006550000480000414 AUTO GERAL DE ITU LTDA                                                AV DR OCTAVIANO PEREIRA MENDES01333               ITU                 13301000SP                  
0330003300001J00023791563200000615322622093039000008200970050ABSOLUTA DISTR DE AUTOMOVEIS L09032013000000000061532000000000000000000000000000000110320130000000000615320000000000000004704                                    00                
0330003300002J00034194563200000137931127567079832938000052000EATON LTDA                    09032013000000000013793000000000000000000000000000000110320130000000000137930000000000000004705                                    00                
0330003300003J00034194563200000040261127979486532938000052000EATON LTDA                    09032013000000000004026000000000000000000000000000000110320130000000000040260000000000000004706                                    00                
0330003300004J00000193563200000435000000001451672443735404111BANCO VOTORANTIM SA           09032013000000000043500000000000000000000000000000000110320130000000000435000000000000000004708                                    00                
0330003300005J00023791563200000255953394090000016902700324600MORELATE DISTRIBUIDORA DE AUTO09032013000000000025595000000000000000000000000000000110320130000000000255950000000000000004709                                    00                
0330003300006J00023798563200000320002025090000000153700035990VENANPECAS LTDA               09032013000000000032000000000000000000000000000000000110320130000000000320000000000000000004710                                    00                
0330003300007J00034191563200000107001091478209740513721555000VENANPECAS LTDA               09032013000000000010700000000000000000000000000000000110320130000000000107000000000000000004711                                    00                
0330003300008J00034192563300000661941571894047976260139677000ABDELNOR II COM COMB LTDA     10032013000000000066194000000000000000000000000000000110320130000000000661940000000000000004712                                    00                
0330003300009J00034191563300000601871128018568760237417159000ACCIOLY SA IMP E COM          10032013000000000060187000000000000000000000000000000110320130000000000601870000000000000004713                                    00                
0330003300010J00034194563300000150001128715813629107002439000AUTO PECAS CASTRO LTDA        10032013000000000015000000000000000000000000000000000110320130000000000150000000000000000004714                                    00                
0330003300011J00000197563300000250901823850912129130010401917CAMPINAS DIESEL LTDA          10032013000000000025090000000000000000000000000000000110320130000000000250900000000000000004715                                    00                
0330003300012J00034198563300001545571090000073840350755971000COSMOVIX DISTRIBUIDORA LTDA   10032013000000000154557000000000000000000000000000000110320130000000001545570000000000000004716                                    00                
0330003300013J00000191563300000577134584340000000000100039921DB DISTRIBUIDORA DE BATERIAS L10032013000000000057713000000000000000000000000000000110320130000000000577130000000000000004717                                    00                
0330003300014J00034191563300000610371127607249822938000052000EATON LTDA                    10032013000000000061037000000000000000000000000000000110320130000000000610370000000000000004718                                    00                
0330003300015J00034193563300001944321127607248182938000052000EATON LTDA                    10032013000000000194432000000000000000000000000000000110320130000000001944320000000000000004719                                    00                
0330003300016J00034194563300000038741127607249332938000052000EATON LTDA                    10032013000000000003874000000000000000000000000000000110320130000000000038740000000000000004720                                    00                
0330003300017J00034191563300001724491127502180112938107808000ELIVEL AUTOMOTORES LTDA       10032013000000000172449000000000000000000000000000000110320130000000001724490000000000000004721                                    00                
0330003300018J00034199563300000705531090000544148052016014000IRMAOS FERRETI E CIA LTDA     10032013000000000070553000000000000000000000000000000110320130000000000705530000000000000004722                                    00                
0330003300019J00023793563300000284203394090000016983000324600MORELATE DISTRIBUIDORA DE AUTO10032013000000000028420000000000000000000000000000000110320130000000000284200000000000000004724                                    00                
0330003300020J00000195563300000685470000001216979444556287931NOVA DISTRIBUIDORA DE VEICULOS10032013000000000068547000000000000000000000000000000110320130000000000685470000000000000004725                                    00                
0330003300021J00034193563300000448451128531529353048155083000PARQUE DIST SUPRIMENTOS PARA E10032013000000000044845000000000000000000000000000000110320130000000000448450000000000000004726                                    00                
0330003300022J00039997563300000643293133569802105313093513001REAL MOTO PECAS LTDA          10032013000000000064329000000000000000000000000000000110320130000000000643290000000000000004727                                    00                
0330003300023J00023796563300001152103395061180232921100028140ROCHESTER DISTRIBUIDORA DE AUT10032013000000000115210000000000000000000000000000000110320130000000001152100000000000000004728                                    00                
0330003300024J00000196563300001063020000001148003000007401117VESPOR AUTOMOTIVE DIST DE AUTO10032013000000000106302000000000000000000000000000000110320130000000001063020000000000000004729                                    00                
0330003300025J00023791000000000000002025062025292003700001600BARROS E FILHOS LTDA          11032013000000000132757000000000000000000000000000000110320130000000001327570000000000000004730                                    00                
0330003300026J00034198563400001813471127994852581248021303000BANCO FIBRA SA                11032013000000000181347000000000000000000000000000000110320130000000001813470000000000000004731                                    00                
0330003300027J00023793563400000375640495092352000020200995600CAOA CAMINHOES LTDA           11032013000000000037564000000000000000000000000000000110320130000000000375640000000000000004732                                    00                
0330003300028J00000195563400000685720000002101041444526285011DECAL LINE COM PREST SERV SILK11032013000000000068572000000000000000000000000000000110320130000000000685720000000000000004733                                    00                
0330003300029J00034197563400001727791127917507902938030539000DELPHI AUTOM SYSTEMS BR LTDA  11032013000000000172779000000000000000000000000000000110320130000000001727790000000000000004734                                    00                
0330003300030J00035694563400000189550689070323480000003262768DISTRIBUIDORA AUTOMOTIVA S.A. 11032013000000000018955000000000000000000000000000000110320130000000000189550000000000000004735                                    00                
0330003300031J00035695563400000127900689070323490000003265026DISTRIBUIDORA AUTOMOTIVA S.A. 11032013000000000012790000000000000000000000000000000110320130000000000127900000000000000004736                                    00                
0330003300032J00034195563400000113281127650629412938000052000EATON LTDA                    11032013000000000011328000000000000000000000000000000110320130000000000113280000000000000004737                                    00                
0330003300033J00034198563400000032511127650630632938000052000EATON LTDA                    11032013000000000003251000000000000000000000000000000110320130000000000032510000000000000004738                                    00                
0330003300034J00034199563400000301491127650630892938000052000EATON LTDA                    11032013000000000030149000000000000000000000000000000110320130000000000301490000000000000004739                                    00                
0330003300035J00034191563400000338551128081931902938000052000EATON LTDA                    11032013000000000033855000000000000000000000000000000110320130000000000338550000000000000004740                                    00                
0330003300036J00034191563400000758341126874986522938107808000ELIVEL AUTOMOTORES LTDA       11032013000000000075834000000000000000000000000000000110320130000000000758340000000000000004741                                    00                
0330003300037J00034196563400000550001090000074926830059603000EMPIRIO PARTS COM PECAS LTDA  11032013000000000055000000000000000000000000000000000110320130000000000550000000000000000004742                                    00                
0330003300038J00034196563400000166871090304592680109276204000GIRANDO COMERCIO DE PECAS LTDA11032013000000000016687000000000000000000000000000000110320130000000000166870000000000000004743                                    00                
0330003300039J00034194563400000522001128296792842938074016000ITAVOX VEICULOS               11032013000000000052200000000000000000000000000000000110320130000000000522000000000000000004745                                    00                
0330003300040J00000198563400000203800000001729432000000063617MG TELECOMUNICACOES E INFORMAT11032013000000000020380000000000000000000000000000000110320130000000000203800000000000000004748                                    00                
0330003300041J00000191563400000213740000001729432000000063717MG TELECOMUNICACOES E INFORMAT11032013000000000021374000000000000000000000000000000110320130000000000213740000000000000004749                                    00                
0330003300042J00034199563400000562991128716224480017328824000MTE THOMSON IND COM LTDA      11032013000000000056299000000000000000000000000000000110320130000000000562990000000000000004750                                    00                
0330003300043J00034197563400000902021128716223640017328824000MTE THOMSON IND COM LTDA      11032013000000000090202000000000000000000000000000000110320130000000000902020000000000000004751                                    00                
0330003300044J00023798563400000658903394090000014078000324600MORELATE DISTRIBUIDORA DE AUTO11032013000000000065890000000000000000000000000000000110320130000000000658900000000000000004752                                    00                
0330003300045J00023791563400002383112500090256573183100000340ODAPEL DISTRIBUIDORA DE AUTO P11032013000000000238311000000000000000000000000000000110320130000000002383110000000000000004753                                    00                
0330003300046J00023799563400000366542500090256573206500000340ODAPEL DISTRIBUIDORA DE AUTO P11032013000000000036654000000000000000000000000000000110320130000000000366540000000000000004754                                    00                
0330003300047J00023797563400002928992500090256573176100000340ODAPEL DISTRIBUIDORA DE AUTO P11032013000000000292899000000000000000000000000000000110320130000000002928990000000000000004755                                    00                
0330003300048J00023791563400000134842500090256573116800000340ODAPEL DISTRIBUIDORA DE AUTO P11032013000000000013484000000000000000000000000000000110320130000000000134840000000000000004756                                    00                
0330003300049J00023794563400000690832500090256573176900000340ODAPEL DISTRIBUIDORA DE AUTO P11032013000000000069083000000000000000000000000000000110320130000000000690830000000000000004757                                    00                
0330003300050J00034196000000000000001219866875811012365225000PACAEMBU AUTO PECAS LTDA      11032013000000000022400000000000000000000000000000000110320130000000000224000000000000000004758                                    00                
0330003300051J00034191563400000467441128026523650191074004000POLIPECAS COMERCIAL E IMPORTAD11032013000000000046744000000000003272000000000000000110320130000000000434720000000000000004759                                    00                
0330003300052J00039998563400004821013133574319105313093513001REAL MOTO PECAS LTDA          11032013000000000482101000000000000000000000000000000110320130000000004821010000000000000004760                                    00                
0330003300053J00039991563400000944133133551237805313093513001REAL MOTO PECAS LTDA          11032013000000000094413000000000000000000000000000000110320130000000000944130000000000000004761                                    00                
0330003300054J00039995563400001550943133551243205313093513001REAL MOTO PECAS LTDA          11032013000000000155094000000000000000000000000000000110320130000000001550940000000000000004762                                    00                
0330003300055J00000196563400003420030444831142529490000659811SAMBEL INDUSTRIA E COMERCIO DE11032013000000000342003000000000000000000000000000000110320130000000003420030000000000000004763                                    00                
0330003300056J00023791563400000170323395090000005234900650000SORANA SUL                    11032013000000000017032000000000000000000000000000000110320130000000000170320000000000000004764                                    00                
0330003300057J00034197563400006515141128716231070017697418000THOMSON C I COM PROD AUT LTDA 11032013000000000651514000000000000000000000000000000110320130000000006515140000000000000004767                                    00                
0330003300058J00000198563300007286934584340000000000100040021DB DISTRIBUIDORA DE BATERIAS L10032013000000000728693000000000000000000000000000000110320130000000007286930000000000000004768                                    00                
0330003300059J00034198563400008863141128716230240017697418000THOMSON C I COM PROD AUT LTDA 11032013000000000886314000000000000000000000000000000110320130000000008863140000000000000004769                                    00                
0330003300060J00034199563400010081281128251238323161211176000THEGA INDUSTRIA COMERCIO LTDA 11032013000000001008128000000000000000000000000000000110320130000000010081280000000000000004770                                    00                
0330003300061J00023795563400006166842298093070000000200199310A. MASSARI DO BRASIL          11032013000000000616684000000000000000000000000000000110320130000000006166840000000000000004771                                    00                
0330003300062J00023793563400010851852500090256573175600000340ODAPEL DISTRIBUIDORA DE AUTO P11032013000000001085185000000000000000000000000000000110320130000000010851850000000000000004772                                    00                
0330003300063J00023798563400018325603394190004048326200136510PROMAX PRODS MAXIMOS S/A IND C11032013000000001832560000000000000000000000000000000110320130000000018325600000000000000004773                                    00                
0330003300064J00009091563300001644003801000010023413000186700UNIMED SALTO/ITU COOP TRAB MED10032013000000000164400000000000000000000000000000000110320130000000001644000000000000000004774                                    00                
0330003300065J00009091563300015701503801000010023413000185266UNIMED SALTO/ITU COOP TRAB MED10032013000000001570150000000000000000000000000000000110320130000000015701500000000000000004775                                    00                
0330003300066J00034191563300008227291128788472610076004985000UNIMED SOROCABA COOP TRABALHO 10032013000000000822729000000000000000000000000000000110320130000000008227290000000000000004776                                    00                
0330003300067J00034198563300000391721571904409580278483557000AUTO POSTO ESTRADAO DE ITU LTD10032013000000000039172000000000000000000000000000000110320130000000000391720000000000000004777                                    00                
0330003300068J00034192000000000090761750469171082938010580000EMPRESA BRASILEIRA DE TELECOMU10032013000000000009076000000000000000000000000000000110320130000000000090760000000000000004780                                    00                
0330003300069J00010492563300000088400014703428790004839413011SANESALTO SANEAMENTO SA       10032013000000000008840000000000000000000000000000000110320130000000000088400000000000000004781                                    00                
0330003300070J00034192563300000000001750175160208052145193000SINDICATO DOS EMPREGADOS NO CO10032013000000000067109000000000000000000000000000000110320130000000000671090000000000000004782                                    00                
0330003300071J00034191563300000000001750175160468052145193000SINDICATO DOS EMPREGADOS NO CO10032013000000000015434000000000000000000000000000000110320130000000000154340000000000000004783                                    00                
0330003300072J00034197563300000000001750175160128052145193000SINDICATO DOS EMPREGADOS NO CO10032013000000000008325000000000000000000000000000000110320130000000000083250000000000000004784                                    00                
0330003300073J00034197563300000000001750180036148052145193000SINDICATO DOS EMPREGADOS NO CO10032013000000000021658000000000000000000000000000000110320130000000000216580000000000000004785                                    00                
0330003300074J00034194563300000000001750175160388052145193000SINDICATO DOS EMPREGADOS NO CO10032013000000000010863000000000000000000000000000000110320130000000000108630000000000000004786                                    00                
03300035         000076000000000014010878000000000000000000                                                                                                                                                                                     
03300041C2011010 205437537000137003300650049002805030006550000480000414 AUTO GERAL DE ITU LTDA                                                AV DR OCTAVIANO PEREIRA MENDES01333               ITU                 13301000SP                  
0330004300001O00084690000001600102512013031029500000025301469NET SAO PAULO LTDA - SP       11032013110320130000000000160014779                                                                                                                  
0330004300002B   000000000000000                              00000                                                  00000000  110320130000000000000000000000000000000000000000000000000000000000000000000000000000              0000000        
03300045         000004000000000000016001                                                                                                                                                                                                       
03300051C2011010 205437537000137003300650049002805030006550000480000414 AUTO GERAL DE ITU LTDA                                                AV DR OCTAVIANO PEREIRA MENDES01333               ITU                 13301000SP                  
0330005300001O00081620000000050044042013031113030000000101449PM SOROCABA                   11032013110320130000000000005004778                                                                                                                  
0330005300002B   000000000000000                              00000                                                  00000000  110320130000000000000000000000000000000000000000000000000000000000000000000000000000              0000000        
03300055         000004000000000000000500                                                                                                                                                                                                       
03399999         000005000103                                                                                                                                                                                                                   
