03300000         2054375370001370033006500490028050300065 0000480000414 AUTO GERAL DE ITU LTDA        BANCO SANTANDER                         11104201310432400013906000000                                        G4016PF00531               G4
03300011C2003031 2054375370001370033006500490028050300065 0000480000414 AUTO GERAL DE ITU LTDA                                                AV DR OCTAVIANO PEREIRA MENDES01333               ITU                 13301000SP                  
0330001300001A0007002370123190000000029912 F.CONFUORTO IND E COM DE PECAS5869                11042013BRL000000000000000000000000120775                    00000000000000000000000                                        07          0          
0330001300002B   243024991000155                              00000                                                  00000000  110420130000000001207750000000000000000000000000000000000000000000000000000000000000000           00000          
03300015         000004000000000000120775000000000000000000                                                                                                                                                                                     
03300021C2030030 205437537000137003300650049002805030006550000480000414 AUTO GERAL DE ITU LTDA                                                AV DR OCTAVIANO PEREIRA MENDES01333               ITU                 13301000SP                  
0330002300001J00003391566500003224689482966200000029424370104CAR CENTRAL DE AUTOPECAS E ROL11042013000000000322468000000000000000000000000000000110420130000000003224680000000000000005803                                    00                
0330002300002J00003399566500007029789472544100000001164400104CINPAL CIA IND DE PECAS P/ AUT11042013000000000702978000000000000000000000000000000110420130000000007029780000000000000005806                                    00                
0330002300003J00003391566500000613659492147000000000590800104J FREITAS COM IMP E EXP LTDA  11042013000000000061365000000000000000000000000000000110420130000000000613650000000000000005819                                    00                
03300025         000005000000000001086811000000000000000000                                                                                                                                                                                     
03300031C2031030 205437537000137003300650049002805030006550000480000414 AUTO GERAL DE ITU LTDA                                                AV DR OCTAVIANO PEREIRA MENDES01333               ITU                 13301000SP                  
0330003300001J00039997566500006933041771878319411960078237001BAP AUTOMOTIVA LTDA           11042013000000000693304000000000000000000000000000000110420130000000006933040000000000000005796                                    00                
0330003300002J00039992566500000188631771871708611960078237001BAP AUTOMOTIVA LTDA           11042013000000000018863000000000000000000000000000000110420130000000000188630000000000000005797                                    00                
0330003300003J00039998566500000336091771871709411960078237001BAP AUTOMOTIVA LTDA           11042013000000000033609000000000000000000000000000000110420130000000000336090000000000000005798                                    00                
0330003300004J00039994566500000903541771871711611960078237001BAP AUTOMOTIVA LTDA           11042013000000000090354000000000000000000000000000000110420130000000000903540000000000000005799                                    00                
0330003300005J00039991566500000470901771871710811960078237001BAP AUTOMOTIVA LTDA           11042013000000000047090000000000000000000000000000000110420130000000000470900000000000000005800                                    00                
0330003300006J00034199566500001024121129236888190018834432000CAFIL IND E COM DE AUTO PECAS 11042013000000000102412000000000000000000000000000000110420130000000001024120000000000000005801                                    00                
0330003300007J00034191566500002109321090000355860278067418000CAPITAL EMBALAGENS DESCAT LTDA11042013000000000210932000000000000000000000000000000110420130000000002109320000000000000005802                                    00                
0330003300008J00039997566500000572801771883932704061860231001CAR CENTRAL DE AUTOPECAS E ROL11042013000000000057280000000000000000000000000000000110420130000000000572800000000000000005804                                    00                
0330003300009J00039994566500000602171771883925404061860231001CAR CENTRAL DE AUTOPECAS E ROL11042013000000000060217000000000000000000000000000000110420130000000000602170000000000000005805                                    00                
0330003300010J00023798566500001021292002061301421020100829680COMERCIAL AUTOMOTIVA S.A.     11042013000000000102129000000000000000000000000000000110420130000000001021290000000000000005807                                    00                
0330003300011J00023792566500000582402002061301421019100829680COMERCIAL AUTOMOTIVA S.A.     11042013000000000058240000000000000000000000000000000110420130000000000582400000000000000005808                                    00                
0330003300012J00023792566500001433902002061301420953100829680COMERCIAL AUTOMOTIVA S.A.     11042013000000000143390000000000000000000000000000000110420130000000001433900000000000000005809                                    00                
0330003300013J00000192566500000358661931721546126590040800017PIRELLI PNEUS S.A             11042013000000000035866000000000000000000000000000000110420130000000000358660000000000000005810                                    00                
0330003300014J00000193566500000122960000002101041445883113811DECAL LINE COM PREST SERV SILK11042013000000000012296000000000000000000000000000000110420130000000000122960000000000000005811                                    00                
0330003300015J00023793566500007018290285093093000005100943470DISTRIBUIDORA AUTOMOTIVA S.A. 11042013000000000701829000000000000000000000000000000110420130000000007018290000000000000005812                                    00                
0330003300016J00039999566500000755313005513843103430712744001DISTRIBUIDORA AUTOMOTIVA S.A. 11042013000000000075531000000000000000000000000000000110420130000000000755310000000000000005813                                    00                
0330003300017J00039993566500000374243005513990003430712744001DISTRIBUIDORA AUTOMOTIVA S.A. 11042013000000000037424000000000000000000000000000000110420130000000000374240000000000000005814                                    00                
0330003300018J00039999566500000827703005513800803430712744001DISTRIBUIDORA AUTOMOTIVA S.A. 11042013000000000082770000000000000000000000000000000110420130000000000827700000000000000005815                                    00                
0330003300019J00023797566500000315520138093066000000801453000OBB CONSULTORIA E PARTICIPACOE11042013000000000031552000000000000000000000000000000110420130000000000315520000000000000005816                                    00                
0330003300020J00023792566500000930002386093036000003600028910FERROL IND E COM LTDA         11042013000000000093000000000000000000000000000000000110420130000000000930000000000000000005817                                    00                
0330003300021J00042291566500002105827115000051187554025505791ISAPA IMP COM LTDA            11042013000000000210582000000000000000000000000000000110420130000000002105820000000000000005818                                    00                
0330003300022J00000192566500000255420445730681033330001000111KOGA KOGA CIA LTDA            11042013000000000025542000000000000000000000000000000110420130000000000255420000000000000005820                                    00                
0330003300023J00000192566500001083290445730681533330001000111KOGA KOGA CIA LTDA            11042013000000000108329000000000000000000000000000000110420130000000001083290000000000000005821                                    00                
0330003300024J00000197566500000730160445730680933330001000111KOGA KOGA CIA LTDA            11042013000000000073016000000000000000000000000000000110420130000000000730160000000000000005822                                    00                
0330003300025J00034195566500000101701090955562650278738729000LORENZON MAQUINAS E FERRAMENTA11042013000000000010170000000000000000000000000000000110420130000000000101700000000000000005823                                    00                
0330003300026J00023797566500003022461523191331000500100006070LX IND E COM DE AUTOPECAS LTDA11042013000000000302246000000000000000000000000000000110420130000000003022460000000000000005824                                    00                
0330003300027J00034191566500006298301128909016412938025125000MAHLE METAL LEVE S/A          11042013000000000629830000000000000000000000000000000110420130000000006298300000000000000005826                                    00                
0330003300028J00034191566500003686701128909016662938025125000MAHLE METAL LEVE S/A          11042013000000000368670000000000000000000000000000000110420130000000003686700000000000000005827                                    00                
0330003300029J00034196566500000843761128909017162938025125000MAHLE METAL LEVE S/A          11042013000000000084376000000000000000000000000000000110420130000000000843760000000000000005828                                    00                
0330003300030J00034191566500000118551128909016582938025125000MAHLE METAL LEVE S/A          11042013000000000011855000000000000000000000000000000110420130000000000118550000000000000005829                                    00                
0330003300031J00034196566500000459131128909016742938025125000MAHLE METAL LEVE S/A          11042013000000000045913000000000000000000000000000000110420130000000000459130000000000000005830                                    00                
0330003300032J00034192566500000220511128909016822938025125000MAHLE METAL LEVE S/A          11042013000000000022051000000000000000000000000000000110420130000000000220510000000000000005831                                    00                
0330003300033J00034194566500000224741128909016902938025125000MAHLE METAL LEVE S/A          11042013000000000022474000000000000000000000000000000110420130000000000224740000000000000005832                                    00                
0330003300034J00034193566500000171531128909017082938025125000MAHLE METAL LEVE S/A          11042013000000000017153000000000000000000000000000000110420130000000000171530000000000000005833                                    00                
0330003300035J00000195566500000208700000001729432000000066317MG TELECOMUNICACOES E INFORMAT11042013000000000020870000000000000000000000000000000110420130000000000208700000000000000005834                                    00                
0330003300036J00023792566500000959092500090256575381100000340ODAPEL DISTRIBUIDORA DE AUTO P11042013000000000095909000000000000000000000000000000110420130000000000959090000000000000005835                                    00                
0330003300037J00023795566500000271922500090256575436300000340ODAPEL DISTRIBUIDORA DE AUTO P11042013000000000027192000000000000000000000000000000110420130000000000271920000000000000005836                                    00                
0330003300038J00023796566500000205022500090256575380000000340ODAPEL DISTRIBUIDORA DE AUTO P11042013000000000020502000000000000000000000000000000110420130000000000205020000000000000005837                                    00                
0330003300039J00023799566500000401800438090057000155900992420OESTCAP DISTR. DE AUTO PECAS L11042013000000000040180000000000000000000000000000000110420130000000000401800000000000000005838                                    00                
0330003300040J00034196566500003005141128636942071248082487000BANCO DAYCOVAL SA             11042013000000000300514000000000000000000000000000000110420130000000003005140000000000000005839                                    00                
0330003300041J00034196000000000000001219730077691012365225000PACAEMBU AUTO PECAS LTDA      11042013000000000073776000000000000000000000000000000110420130000000000737760000000000000005840                                    00                
0330003300042J00034193566500000423781129358750163048155083000PARQUE DIST SUPRIMENTOS PARA E11042013000000000042378000000000000000000000000000000110420130000000000423780000000000000005841                                    00                
0330003300043J00039998566500005474598144672255704540096965001PELLEGRINO DISTRIBUIDORA DE AU11042013000000000547459000000000000000000000000000000110420130000000005474590000000000000005842                                    00                
0330003300044J00039992566500000479338144672253004540096965001PELLEGRINO DISTRIBUIDORA DE AU11042013000000000047933000000000000000000000000000000110420130000000000479330000000000000005843                                    00                
0330003300045J00039998566500002350268144672254904540096965001PELLEGRINO DISTRIBUIDORA DE AU11042013000000000235026000000000000000000000000000000110420130000000002350260000000000000005844                                    00                
0330003300046J00039995566500001076278144672249204540096965001PELLEGRINO DISTRIBUIDORA DE AU11042013000000000107627000000000000000000000000000000110420130000000001076270000000000000005845                                    00                
0330003300047J00039991566500000729952696560129404540096965001PELLEGRINO DISTRIBUIDORA DE AU11042013000000000072995000000000000000000000000000000110420130000000000729950000000000000005846                                    00                
0330003300048J00039996566500000572732696560135904540096965001PELLEGRINO DISTRIBUIDORA DE AU11042013000000000057273000000000000000000000000000000110420130000000000572730000000000000005847                                    00                
0330003300049J00023792566500000657133484093045000021001129000PETRONAS LUBRIFICANTES BRASIL 11042013000000000065713000000000000000000000000000000110420130000000000657130000000000000005848                                    00                
0330003300050J00023791566500000117213484093057000053701129000PETRONAS LUBRIFICANTES BRASIL 11042013000000000011721000000000000000000000000000000110420130000000000117210000000000000005849                                    00                
0330003300051J00034191566500002553701129819878140191074004000POLIPECAS COMERCIAL E IMPORTAD11042013000000000255370000000000017876000000000000000110420130000000002374940000000000000005850                                    00                
0330003300052J00023792566500000592553684190000021049700673000POLIPECAS DISTRIBUIDORA AUTOMO11042013000000000059255000000000000000000000000000000110420130000000000592550000000000000005851                                    00                
0330003300053J00023794566500000826983684190000021051400673000POLIPECAS DISTRIBUIDORA AUTOMO11042013000000000082698000000000000000000000000000000110420130000000000826980000000000000005852                                    00                
0330003300054J00039991566500000683392995130522505313093513001REAL MOTO PECAS LTDA          11042013000000000068339000000000000000000000000000000110420130000000000683390000000000000005853                                    00                
0330003300055J00039998566500001110592995130721005313093513001REAL MOTO PECAS LTDA          11042013000000000111059000000000000000000000000000000110420130000000001110590000000000000005854                                    00                
0330003300056J00023796566500000160002857091330710732200000320RIO PARDO COMERCIAL E DISTRIBU11042013000000000016000000000000000000000000000000000110420130000000000160000000000000000005855                                    00                
0330003300057J00000196566500001316700000001451450000038651117SK AUTOMOTIVE S/A DISTR AUTOPE11042013000000000131670000000000000000000000000000000110420130000000001316700000000000000005856                                    00                
0330003300058J00000191566500002289880000002175416000003790517SK AUTOMOTIVE S/A DISTR AUTOPE11042013000000000228988000000000000000000000000000000110420130000000002289880000000000000005857                                    00                
0330003300059J00000197566500000447260000002175416000003790917SK AUTOMOTIVE S/A DISTR AUTOPE11042013000000000044726000000000000000000000000000000110420130000000000447260000000000000005858                                    00                
0330003300060J00000191566500008673340000002175416000003793817SK AUTOMOTIVE S/A DISTR AUTOPE11042013000000000867334000000000000000000000000000000110420130000000008673340000000000000005859                                    00                
0330003300061J00000196566500001430590000002175416000003790417SK AUTOMOTIVE S/A DISTR AUTOPE11042013000000000143059000000000000000000000000000000110420130000000001430590000000000000005860                                    00                
0330003300062J00000192566500000540960000001538838000015069217SK AUTOMOTIVE S/A DISTR AUTOPE11042013000000000054096000000000000000000000000000000110420130000000000540960000000000000005861                                    00                
0330003300063J00000199566500000803400000001538838000015069417SK AUTOMOTIVE S/A DISTR AUTOPE11042013000000000080340000000000000000000000000000000110420130000000000803400000000000000005862                                    00                
0330003300064J00000197566500000991100000001538838000015069317SK AUTOMOTIVE S/A DISTR AUTOPE11042013000000000099110000000000000000000000000000000110420130000000000991100000000000000005863                                    00                
0330003300065J00023795566500000321520545090000033974900705060TONINI DISTRIBUIDORA LTDA     11042013000000000032152000000000000000000000000000000110420130000000000321520000000000000005864                                    00                
0330003300066J00034191566500003358461129797587143184122228000UNIVERSAL AUTOMOTIVE SYSTEMS S11042013000000000335846000000000000000000000000000000110420130000000003358460000000000000005865                                    00                
0330003300067J00034199566500011496681129797587063184122228000UNIVERSAL AUTOMOTIVE SYSTEMS S11042013000000001149668000000000000000000000000000000110420130000000011496680000000000000005866                                    00                
0330003300068J00000195566500000111700000001555704202000139417VIRTUAL EXPRESS TRANSPORTES E 11042013000000000011170000000000000000000000000000000110420130000000000111700000000000000005867                                    00                
03300035         000070000000000010140367000000000000000000                                                                                                                                                                                     
03300041C2011010 205437537000137003300650049002805030006550000480000414 AUTO GERAL DE ITU LTDA                                                AV DR OCTAVIANO PEREIRA MENDES01333               ITU                 13301000SP                  
0330004300001O00081640000000050744042013041113040000000175699PM SOROCABA                   11042013110420130000000000005075868                                                                                                                  
0330004300002B   000000000000000                              00000                                                  00000000  110420130000000000000000000000000000000000000000000000000000000000000000000000000000              0000000        
03300045         000004000000000000000507                                                                                                                                                                                                       
03399999         000004000085                                                                                                                                                                                                                   
