03300000         2054375370001370033006500490028050300065 0000480000414 AUTO GERAL DE ITU LTDA        BANCO SANTANDER                         11211201214550400002806000000                                        G4016PF00528               G4
03300011C2003031 2054375370001370033006500490028050300065 0000480000414 AUTO GERAL DE ITU LTDA                                                AV DR OCTAVIANO PEREIRA MENDES01333               ITU                 13301000SP                  
0330001300001A00070039900454000000000575219TRELLEBORG AUTOMOTIVA DO BRASI713                 12112012BRL000000000000000000000000298022                    00000000000000000000000                                        07          0          
0330001300002B   203249921000180                              00000                                                  00000000  121120120000000002980220000000000000000000000000000000000000000000000000000000000000000           00000          
0330001300003A0007003410094000000000192784 THV AUTOMOTIVA IND E COM LTDA 714                 12112012BRL000000000000000000000000267867                    00000000000000000000000                                        07          0          
0330001300004B   267528463000100                              00000                                                  00000000  121120120000000002678670000000000000000000000000000000000000000000000000000000000000000           00000          
03300015         000006000000000000565889000000000000000000                                                                                                                                                                                     
03399999         000001000008                                                                                                                                                                                                                   
