03300000         2054375370001370033006500490028050300065 0000480000414 AUTO GERAL DE ITU LTDA        BANCO SANTANDER                         11212201211322900005206000000                                        G4016PF00528               G4
03300011C2030030 205437537000137003300650049002805030006550000480000414 AUTO GERAL DE ITU LTDA                                                AV DR OCTAVIANO PEREIRA MENDES01333               ITU                 13301000SP                  
0330001300001J00003391554600003200219504444800000000708580101BOSAL DO BARSIL LTDA          13122012000000000320021000000000000000000000000000000131220120000000003200210000000000000001774                                    00                
0330001300002J00003393554600003998739499820000000000250700104KS PRODUTOS AUTOMOTIVOS LTDA  13122012000000000399873000000000000000000000000000000131220120000000003998730000000000000001786                                    00                
0330001300003J00003391554600013886089489019100000092063370104KSPG AUTOMOTIVE BRASIL LTDA   13122012000000001388608000000000000000000000000000000131220120000000013886080000000000000001787                                    00                
03300015         000005000000000002108502000000000000000000                                                                                                                                                                                     
03300021C2031030 205437537000137003300650049002805030006550000480000414 AUTO GERAL DE ITU LTDA                                                AV DR OCTAVIANO PEREIRA MENDES01333               ITU                 13301000SP                  
0330002300001J00034192554600003279551126394859890390497683000AUTIMEX COM IMPORTACAO E EXPOR13122012000000000327955000000000000000000000000000000131220120000000003279550000000000000001772                                    00                
0330002300002J00023791554600000653333114091293598241801763000BANCO SAFRA S/A               13122012000000000065333000000000000000000000000000000131220120000000000653330000000000000001773                                    00                
0330002300003J00023791554600000718370495092262000040500995600CAOA CAMINHOES LTDA           13122012000000000071837000000000000000000000000000000131220120000000000718370000000000000001775                                    00                
0330002300004J00023792554600000481553262090000030075900935470COMDIP COMERCIAL DISTR DE PECA13122012000000000048155000000000000000000000000000000131220120000000000481550000000000000001776                                    00                
0330002300005J00034192554600000267121125945731182938107808000ELIVEL AUTOMOTORES LTDA       13122012000000000026712000000000000000000000000000000131220120000000000267120000000000000001777                                    00                
0330002300006J00034192554600000546621125945720862938107808000ELIVEL AUTOMOTORES LTDA       13122012000000000054662000000000000000000000000000000131220120000000000546620000000000000001778                                    00                
0330002300007J00039991554600000380831763167501804570524809001F CONFUORTO IND COM PCS LTDA  13122012000000000038083000000000000000000000000000000131220120000000000380830000000000000001779                                    00                
0330002300008J00034191554600001088521124191957580046365078000FELICIO VIGORITO FILHOS LTDA  13122012000000000108852000000000000000000000000000000131220120000000001088520000000000000001780                                    00                
0330002300009J00034198554600000095341090304146510109276204000GIRANDO COMERCIO DE PECAS LTDA13122012000000000009534000000000000000000000000000000131220120000000000095340000000000000001781                                    00                
0330002300010J00034194554600000324831090304146440109276204000GIRANDO COMERCIO DE PECAS LTDA13122012000000000032483000000000000000000000000000000131220120000000000324830000000000000001782                                    00                
0330002300011J00035699554600000582340409503986700000000239502ITA PECAS PARA VEIC COM E SERV13122012000000000058234000000000000000000000000000000131220120000000000582340000000000000001783                                    00                
0330002300012J00034191554600000486331090008383232938050420000ITA PECAS PARA VEIC COM E SERV13122012000000000048633000000000000000000000000000000131220120000000000486330000000000000001784                                    00                
0330002300013J00039999554600000150181763952275003280030090001ITAVEMA ITALIA VEICULOS E MAQU13122012000000000015018000000000000000000000000000000131220120000000000150180000000000000001785                                    00                
0330002300014J00034191554600001006261126358628920017328824000MTE THOMSON IND COM LTDA      13122012000000000100626000000000000000000000000000000131220120000000001006260000000000000001788                                    00                
0330002300015J00034192000000000000001219800648601012365225000PACAEMBU AUTO PECAS LTDA      13122012000000000251142000000000000000000000000000000131220120000000002511420000000000000001789                                    00                
0330002300016J00034195000000000000001219800648941012365225000PACAEMBU AUTO PECAS LTDA      13122012000000000101133000000000000000000000000000000131220120000000001011330000000000000001790                                    00                
0330002300017J00034197000000000000001219800648521012365225000PACAEMBU AUTO PECAS LTDA      13122012000000000066968000000000000000000000000000000131220120000000000669680000000000000001791                                    00                
0330002300018J00034195000000000000001219800648451012365225000PACAEMBU AUTO PECAS LTDA      13122012000000000036148000000000000000000000000000000131220120000000000361480000000000000001792                                    00                
0330002300019J00023795554600000832120151091323350021801251750PECA MAIS COMERCIO DE AUTO PEC13122012000000000083212000000000000000000000000000000131220120000000000832120000000000000001793                                    00                
0330002300020J00039996554600000475522696545386404540096965001PELLEGRINO DISTRIBUIDORA DE AU13122012000000000047552000000000000000000000000000000131220120000000000475520000000000000001794                                    00                
0330002300021J00023794554600000438013484092289000016401129000PETRONAS LUBRIFICANTES BRASIL 13122012000000000043801000000000000000000000000000000131220120000000000438010000000000000001795                                    00                
0330002300022J00034199554600000329441126513817360191074004000POLIPECAS COMERCIAL E IMPORTAD13122012000000000032944000000000002306000000000000000131220120000000000306380000000000000001796                                    00                
0330002300023J00039994554600000569302315301059505313093513001REAL MOTO PECAS LTDA          13122012000000000056930000000000000000000000000000000131220120000000000569300000000000000001797                                    00                
0330002300024J00039991554600000689332315311454405313093513001REAL MOTO PECAS LTDA          13122012000000000068933000000000000000000000000000000131220120000000000689330000000000000001798                                    00                
0330002300025J00039997554600000750002315311369605313093513001REAL MOTO PECAS LTDA          13122012000000000075000000000000000000000000000000000131220120000000000750000000000000000001799                                    00                
0330002300026J00023793554600000179253395090000005057200650000SORANA SUL                    13122012000000000017925000000000000000000000000000000131220120000000000179250000000000000001800                                    00                
0330002300027J00023799554600000464944130074130005876400050880SOUZA RAMOS COM E IMP LTDA    13122012000000000046494000000000000000000000000000000131220120000000000464940000000000000001801                                    00                
0330002300028J00000191554600002326490000001103966442781709711TARANTO COML IMP E EXP        13122012000000000232649000000000000000000000000000000131220120000000002326490000000000000001802                                    00                
0330002300029J00000199554600019706820000001103966442781710111TARANTO COML IMP E EXP        13122012000000001970682000000000000000000000000000000131220120000000019706820000000000000001803                                    00                
0330002300030J00034197554600011863171126358610760017697418000THOMSON C I COM PROD AUT LTDA 13122012000000001186317000000000000000000000000000000131220120000000011863170000000000000001804                                    00                
0330002300031J00034191554600012806861090000158245199147918000UNIBOMBAS IND COM DE AUTOPECAS13122012000000001280686000000000000000000000000000000131220120000000012806860000000000000001805                                    00                
03300025         000033000000000006602327000000000000000000                                                                                                                                                                                     
03399999         000002000040                                                                                                                                                                                                                   
