03300000         2054375370001370033006500490028050300065 0000480000414 AUTO GERAL DE ITU LTDA        BANCO SANTANDER                         11203201310395400011606000000                                        G4016PF00529               G4
03300011C2030030 205437537000137003300650049002805030006550000480000414 AUTO GERAL DE ITU LTDA                                                AV DR OCTAVIANO PEREIRA MENDES01333               ITU                 13301000SP                  
0330001300001J00003395563500001386179482966200000025844840104CAR CENTRAL DE AUTOPECAS E ROL12032013000000000138617000000000000000000000000000000120320130000000001386170000000000000004793                                    00                
0330001300002J00003392563500015860849121618000000004361430203TARANTO COML IMP E EXP        12032013000000001586084000000000000000000000000000000120320130000000015860840000000000000004811                                    00                
0330001300003J00003391563500016993129121618000000004360620203TARANTO COML IMP E EXP        12032013000000001699312000000000000000000000000000000120320130000000016993120000000000000004812                                    00                
0330001300004J00003391563500002601539141963300000007574970201VALERIA DAVANSO AGUADO        12032013000000000260153000000000000000000000000000000120320130000000002601530000000000000004814                                    00                
03300015         000006000000000003684166000000000000000000                                                                                                                                                                                     
03300021C2031030 205437537000137003300650049002805030006550000480000414 AUTO GERAL DE ITU LTDA                                                AV DR OCTAVIANO PEREIRA MENDES01333               ITU                 13301000SP                  
0330002300001J00034198563500000572501127600304898514325201000BODIPASA BOMBAS DIESEL PAULIST12032013000000000057250000000000000000000000000000000120320130000000000572500000000000000004792                                    00                
0330002300002J00039999563500000174791769428580504061860231001CAR CENTRAL DE AUTOPECAS E ROL12032013000000000017479000000000000000000000000000000120320130000000000174790000000000000004794                                    00                
0330002300003J00039993563500000324111769428541404061860231001CAR CENTRAL DE AUTOPECAS E ROL12032013000000000032411000000000000000000000000000000120320130000000000324110000000000000004795                                    00                
0330002300004J00039998563500000411441769428539204061860231001CAR CENTRAL DE AUTOPECAS E ROL12032013000000000041144000000000000000000000000000000120320130000000000411440000000000000004796                                    00                
0330002300005J00000193563500000358671931721546026590040800017PIRELLI PNEUS S.A             12032013000000000035867000000000000000000000000000000120320130000000000358670000000000000004797                                    00                
0330002300006J00035691563500000172850689070323420000003265536DISTRIBUIDORA AUTOMOTIVA S.A. 12032013000000000017285000000000000000000000000000000120320130000000000172850000000000000004798                                    00                
0330002300007J00035691563500000108900689070323410000003265297DISTRIBUIDORA AUTOMOTIVA S.A. 12032013000000000010890000000000000000000000000000000120320130000000000108900000000000000004799                                    00                
0330002300008J00034196563500000192841127863108402938000052000EATON LTDA                    12032013000000000019284000000000000000000000000000000120320130000000000192840000000000000004800                                    00                
0330002300009J00023797563500000974682386093036000003500028910FERROL IND E COM LTDA         12032013000000000097468000000000000000000000000000000120320130000000000974680000000000000004801                                    00                
0330002300010J00034197563500000730121128790868280295821649000FREIOS CONTROIL LTDA          12032013000000000073012000000000000000000000000000000120320130000000000730120000000000000004802                                    00                
0330002300011J00034193563500003320201128790868360295821649000FREIOS CONTROIL LTDA          12032013000000000332020000000000000000000000000000000120320130000000003320200000000000000004803                                    00                
0330002300012J00023791563500003432072224023056000002200665550GIANCAR DISTR AUTO PECAS LTDA 12032013000000000343207000000000000000000000000000000120320130000000003432070000000000000004804                                    00                
0330002300013J00023791563500000340003372094000204526000400020MAGGI LE NOM AUTOMOTORES LTDA 12032013000000000034000000000000000000000000000000000120320130000000000340000000000000000004805                                    00                
0330002300014J00034191563500000553051128766174920017328824000MTE THOMSON IND COM LTDA      12032013000000000055305000000000000000000000000000000120320130000000000553050000000000000004806                                    00                
0330002300015J00039991563500000692638144670625004540096965001PELLEGRINO DISTRIBUIDORA DE AU12032013000000000069263000000000000000000000000000000120320130000000000692630000000000000004807                                    00                
0330002300016J00039992563500007153703133560593705313093513001REAL MOTO PECAS LTDA          12032013000000000715370000000000000000000000000000000120320130000000007153700000000000000004808                                    00                
0330002300017J00039991563500001447513133561444805313093513001REAL MOTO PECAS LTDA          12032013000000000144751000000000000000000000000000000120320130000000001447510000000000000004809                                    00                
0330002300018J00000191563500000245120000002175416000003505017REAL MOTO PECAS LTDA          12032013000000000024512000000000000000000000000000000120320130000000000245120000000000000004810                                    00                
0330002300019J00034195563500013398631128766200250017697418000THOMSON C I COM PROD AUT LTDA 12032013000000001339863000000000000000000000000000000120320130000000013398630000000000000004813                                    00                
0330002300020J00010498563500000000009223380313031200300612098SIND. DOS COND. DE VEICULOS RO12032013000000000002900000000000000000000000000000000120320130000000000029000000000000000004815                                    00                
0330002300021J00023796563500000811592372196600105942000360080TELEFONICA BRASIL S/A         12032013000000000081159000000000000000000000000000000120320130000000000811590000000000000004816                                    00                
03300025         000023000000000003544440000000000000000000                                                                                                                                                                                     
03300031C2011010 205437537000137003300650049002805030006550000480000414 AUTO GERAL DE ITU LTDA                                                AV DR OCTAVIANO PEREIRA MENDES01333               ITU                 13301000SP                  
0330003300001O00084660000010900010299916142879601001047151377TELEFONICA                    12032013120320130000000001090004817                                                                                                                  
0330003300002B   000000000000000                              00000                                                  00000000  120320130000000000000000000000000000000000000000000000000000000000000000000000000000              0000000        
0330003300003O00084610000010900010299916142845101001047141377TELEFONICA                    12032013120320130000000001090004818                                                                                                                  
0330003300004B   000000000000000                              00000                                                  00000000  120320130000000000000000000000000000000000000000000000000000000000000000000000000000              0000000        
0330003300005O00084660000026693310299916113340001001047131377TELEFONICA                    12032013120320130000000002669334819                                                                                                                  
0330003300006B   000000000000000                              00000                                                  00000000  120320130000000000000000000000000000000000000000000000000000000000000000000000000000              0000000        
0330003300007O00082660000000493211050000020133300709950100104AGUAS DE ITU                  12032013120320130000000000049324820                                                                                                                  
0330003300008B   000000000000000                              00000                                                  00000000  120320130000000000000000000000000000000000000000000000000000000000000000000000000000              0000000        
0330003300009O00082660000006657311050000020133300612370100104AGUAS DE ITU                  12032013120320130000000000665734821                                                                                                                  
0330003300010B   000000000000000                              00000                                                  00000000  120320130000000000000000000000000000000000000000000000000000000000000000000000000000              0000000        
0330003300011O00083650000005337801103003530422690210002565404CIA PIRATININGA DE FORCA E LUZ12032013120320130000000000533784822                                                                                                                  
0330003300012B   000000000000000                              00000                                                  00000000  120320130000000000000000000000000000000000000000000000000000000000000000000000000000              0000000        
03300035         000014000000000000609816                                                                                                                                                                                                       
03399999         000003000045                                                                                                                                                                                                                   
