03300000         2054375370001370033006500490028050300065 0000480000414 AUTO GERAL DE ITU LTDA        BANCO SANTANDER                         11212201210071400005106000000                                        G4016PF00528               G4
03300011C2030030 205437537000137003300650049002805030006550000480000414 AUTO GERAL DE ITU LTDA                                                AV DR OCTAVIANO PEREIRA MENDES01333               ITU                 13301000SP                  
0330001300001J00003394554500001059649482285400000091799680203JOFUND S/A                    12122012000000000105964000000000000000000000000000000121220120000000001059640000000000000001758                                    00                
0330001300002J00003395554500006641909482285400000091799920203JOFUND S/A                    12122012000000000664190000000000000000000000000000000121220120000000006641900000000000000001759                                    00                
03300015         000004000000000000770154000000000000000000                                                                                                                                                                                     
03300021C2031030 205437537000137003300650049002805030006550000480000414 AUTO GERAL DE ITU LTDA                                                AV DR OCTAVIANO PEREIRA MENDES01333               ITU                 13301000SP                  
0330002300001J00023799554500000176003372090000016076105040000ABRAO REZE COM DE VEICULOS LTD12122012000000000017600000000000000000000000000000000121220120000000000176000000000000000001727                                    00                
0330002300002J00034198554500000295421090001885520137627725000ALENAN COML DE PECAS E ACS LTD12122012000000000029542000000000000000000000000000000121220120000000000295420000000000000001728                                    00                
0330002300003J00023796554500003433521316090000009350800009000APS DISTRIBUIDORA DE AUTOPECAS12122012000000000343352000000000000000000000000000000121220120000000003433520000000000000001729                                    00                
0330002300004J00023799554500000339003114091294075733801763000BANCO SAFRA S/A               12122012000000000033900000000000000000000000000000000121220120000000000339000000000000000001730                                    00                
0330002300005J00023795554500001283893381090000008387401801540BRASILWAGEN COM VEICULOS SA   12122012000000000128389000000000000000000000000000000121220120000000001283890000000000000001731                                    00                
0330002300006J00023793554500000513233392022326000011501078260MF CAMBUCI DISTR DE AUTOPECAS 12122012000000000051323000000000000000000000000000000121220120000000000513230000000000000001732                                    00                
0330002300007J00039991554500000952661763970995704061860231001CAR CENTRAL DE AUTOPECAS E ROL12122012000000000095266000000000000000000000000000000121220120000000000952660000000000000001733                                    00                
0330002300008J00039994554500001213621763970998104061860231001CAR CENTRAL DE AUTOPECAS E ROL12122012000000000121362000000000000000000000000000000121220120000000001213620000000000000001734                                    00                
0330002300009J00034191554500000102001125925697040076000777000CENTER PECAS FABBRI LTDA      12122012000000000010200000000000000000000000000000000121220120000000000102000000000000000001735                                    00                
0330002300010J00034196554500000056501125925696700076000777000CENTER PECAS FABBRI LTDA      12122012000000000005650000000000000000000000000000000121220120000000000056500000000000000001736                                    00                
0330002300011J00034198554500000400001125925696620076000777000CENTER PECAS FABBRI LTDA      12122012000000000040000000000000000000000000000000000121220120000000000400000000000000000001737                                    00                
0330002300012J00034195554500000042201126124312990076000777000CENTER PECAS FABBRI LTDA      12122012000000000004220000000000000000000000000000000121220120000000000042200000000000000001738                                    00                
0330002300013J00034191554500000047001126124313070076000777000CENTER PECAS FABBRI LTDA      12122012000000000004700000000000000000000000000000000121220120000000000047000000000000000001739                                    00                
0330002300014J00023791554500000525220260192306000001000075810CESTARI INDL E COMERCIAL SA   12122012000000000052522000000000000000000000000000000121220120000000000525220000000000000001740                                    00                
0330002300015J00023792554500001094920260192306000001800075810CESTARI INDL E COMERCIAL SA   12122012000000000109492000000000000000000000000000000121220120000000001094920000000000000001741                                    00                
0330002300016J00034196554500006365751125424095482938030539000DELPHI  AUTOM SYSTEMS BR LTDA 12122012000000000636575000000000000000000000000000000121220120000000006365750000000000000001742                                    00                
0330002300017J00035699554500000513560689070323400000001328411DISTRIBUIDORA AUTOMOTIVA S.A  12122012000000000051356000000000000000000000000000000121220120000000000513560000000000000001743                                    00                
0330002300018J00034192554500000339571123941117210017749003000DOVAC INDUSTRIA E COM LTDA    12122012000000000033957000000000001697000000000000000121220120000000000322600000000000000001744                                    00                
0330002300019J00023794554500000290500138092305000001901370000BBL SISTEMAS OPERACIONAIS LTDA12122012000000000029050000000000000000000000000000000121220120000000000290500000000000000001745                                    00                
0330002300020J00034199554500001399571125502062402938000052000EATON  LTDA                   12122012000000000139957000000000000000000000000000000121220120000000001399570000000000000001746                                    00                
0330002300021J00034197554500000878241124008378482938107808000ELIVEL AUTOMOTORES LTDA       12122012000000000087824000000000000000000000000000000121220120000000000878240000000000000001747                                    00                
0330002300022J00039994554500000405131764059539604570524809001F CONFUORTO IND COM PCS LTDA  12122012000000000040513000000000000000000000000000000121220120000000000405130000000000000001748                                    00                
0330002300023J00034191554500001088391090030066690046365078000VIGORITO CAMILOPOLIS          12122012000000000108839000000000000000000000000000000121220120000000001088390000000000000001749                                    00                
0330002300024J00034193554500025237651126104743412938017569000FRAS-LE S/A                   12122012000000002523765000000000000000000000000000000121220120000000025237650000000000000001750                                    00                
0330002300025J00034194554500023744581126104743332938017569000FRAS-LE S/A                   12122012000000002374458000000000000000000000000000000121220120000000023744580000000000000001751                                    00                
0330002300026J00034191554500017095141126104743662938017569000FRAS-LE S/A                   12122012000000001709514000000000359452000000000000000121220120000000013500620000000000000001752                                    00                
0330002300027J00034193554500010371621126104743582938017569000FRAS-LE S/A                   12122012000000001037162000000000000000000000000000000121220120000000010371620000000000000001753                                    00                
0330002300028J00034196554500007402421126104743742938017569000FRAS-LE S/A                   12122012000000000740242000000000000000000000000000000121220120000000007402420000000000000001754                                    00                
0330002300029J00034192554500000146241090304141720109276204000GIRANDO COMERCIO DE PECAS LTDA12122012000000000014624000000000000000000000000000000121220120000000000146240000000000000001755                                    00                
0330002300030J00034191554500008258193588480748399106015986000GONEL IND E COMERCIO LTDA     12122012000000000825819000000000000000000000000000000121220120000000008258190000000000000001756                                    00                
0330002300031J00034191554500000473071090008348192938050420000ITA PECAS PARA VEIC COM E SERV12122012000000000047307000000000000000000000000000000121220120000000000473070000000000000001757                                    00                
0330002300032J00023793554500000089843372097672307840100536350MAGGI MOTOS LTDA              12122012000000000008984000000000000000000000000000000121220120000000000089840000000000000001760                                    00                
0330002300033J00039995554500004364928144666211204540096965001PELLEGRINO DIST DE AUTOPECAS L12122012000000000436492000000000000000000000000000000121220120000000004364920000000000000001761                                    00                
0330002300034J00039996554500000794048144666202304540096965001PELLEGRINO DIST DE AUTOPECAS L12122012000000000079404000000000000000000000000000000121220120000000000794040000000000000001762                                    00                
0330002300035J00000192554500001124670000002096856000001885317PELLEGRINO DIST DE AUTOPECAS L12122012000000000112467000000000000000000000000000000121220120000000001124670000000000000001763                                    00                
0330002300036J00039994554500000604282315300552405313093513001REAL MOTO PECAS LTDA          12122012000000000060428000000000000000000000000000000121220120000000000604280000000000000001764                                    00                
0330002300037J00039997554500000449762315300302505313093513001REAL MOTO PECAS LTDA          12122012000000000044976000000000000000000000000000000121220120000000000449760000000000000001765                                    00                
0330002300038J00039998554500000407942053192274405313093513001REAL MOTO PECAS LTDA          12122012000000000040794000000000000000000000000000000121220120000000000407940000000000000001766                                    00                
0330002300039J00023795554500000402303395090000004847000650000SORANA SUL                    12122012000000000040230000000000000000000000000000000121220120000000000402300000000000000001767                                    00                
0330002300040J00000193554500000111700442567171933260008018911T-PARTS COML E IMP DE AUTOPECA12122012000000000011170000000000000000000000000000000121220120000000000111700000000000000001768                                    00                
0330002300041J00000191554500003770160000001291892000004400217VESPOR AUTOMOTIVE DIST DE AUTO12122012000000000377016000000000000000000000000000000121220120000000003770160000000000000001769                                    00                
03300025         000043000000000012299292000000000000000000                                                                                                                                                                                     
03300031C2011010 205437537000137003300650049002805030006550000480000414 AUTO GERAL DE ITU LTDA                                                AV DR OCTAVIANO PEREIRA MENDES01333               ITU                 13301000SP                  
0330003300001O00084620000010900010299916142845101007076251277TELEFONICA                    12122012121220120000000001090001770                                                                                                                  
0330003300002B   000000000000000                              00000                                                  00000000  121220120000000000000000000000000000000000000000000000000000000000000000000000000000              0000000        
0330003300003O00084680000026693310299916113340001007076241277TELEFONICA                    12122012121220120000000002669331771                                                                                                                  
0330003300004B   000000000000000                              00000                                                  00000000  121220120000000000000000000000000000000000000000000000000000000000000000000000000000              0000000        
03300035         000006000000000000375933                                                                                                                                                                                                       
03399999         000003000055                                                                                                                                                                                                                   
