03300000         2054375370001370033006500490028050300065 0000480000414 AUTO GERAL DE ITU LTDA        BANCO SANTANDER                         11212201211571600005306000000                                        G4016PF00528               G4
03300011C2030030 205437537000137003300650049002805030006550000480000414 AUTO GERAL DE ITU LTDA                                                AV DR OCTAVIANO PEREIRA MENDES01333               ITU                 13301000SP                  
0330001300001J00003398554700002430349482966200000022426800104CAR CENTRAL DE AUTOPECAS E ROL14122012000000000243034000000000000000000000000000000141220120000000002430340000000000000001809                                    00                
0330001300002J00003398554700001147219537802800000000006470203SPARX IND E COM DE PECAS AUTO 14122012000000000114721000000000000000000000000000000141220120000000001147210000000000000001832                                    00                
03300015         000004000000000000357755000000000000000000                                                                                                                                                                                     
03300021C2031030 205437537000137003300650049002805030006550000480000414 AUTO GERAL DE ITU LTDA                                                AV DR OCTAVIANO PEREIRA MENDES01333               ITU                 13301000SP                  
0330002300001J00023796554700013342351226091123353211300000070APLIC COM IND DE AUTO PECAS LT14122012000000001334235000000000000000000000000000000141220120000000013342350000000000000001806                                    00                
0330002300002J00023797554700000136471316090000009374200009000APS DISTRIBUIDORA DE AUTOPECAS14122012000000000013647000000000000000000000000000000141220120000000000136470000000000000001807                                    00                
0330002300003J00023798554700001646691316090000009374300009000APS DISTRIBUIDORA DE AUTOPECAS14122012000000000164669000000000000000000000000000000141220120000000001646690000000000000001808                                    00                
0330002300004J00023799554700000326630118090118001369401551790CAR CENTRAL DE AUTOPECAS E ROL14122012000000000032663000000000000000000000000000000141220120000000000326630000000000000001810                                    00                
0330002300005J00034196554700000105001125925697460076000777000CENTER PECAS FABBRI LTDA      14122012000000000010500000000000000000000000000000000141220120000000000105000000000000000001811                                    00                
0330002300006J00034193554700000024001125925697120076000777000CENTER PECAS FABBRI LTDA      14122012000000000002400000000000000000000000000000000141220120000000000024000000000000000001812                                    00                
0330002300007J00034192554700000021001125925697200076000777000CENTER PECAS FABBRI LTDA      14122012000000000002100000000000000000000000000000000141220120000000000021000000000000000001813                                    00                
0330002300008J00034198554700000249961126203467860360545834000COBRA ROLAMENTOS E AUTO PECAS 14122012000000000024996000000000000000000000000000000141220120000000000249960000000000000001814                                    00                
0330002300009J00034195554700002210501126203465390360545834000COBRA ROLAMENTOS E AUTO PECAS 14122012000000000221050000000000000000000000000000000141220120000000002210500000000000000001815                                    00                
0330002300010J00034193555700000151501126247885870360545834000COBRA ROLAMENTOS E AUTO PECAS 24122012000000000015150000000000000000000000000000000141220120000000000151500000000000000001816                                    00                
0330002300011J00034192554700000545861126203469920360545834000COBRA ROLAMENTOS E AUTO PECAS 14122012000000000054586000000000000000000000000000000141220120000000000545860000000000000001817                                    00                
0330002300012J00034196554700000611731126203467940360545834000COBRA ROLAMENTOS E AUTO PECAS 14122012000000000061173000000000000000000000000000000141220120000000000611730000000000000001818                                    00                
0330002300013J00023793554700000759403262090000029333700935470COMDIP COMERCIAL DISTR DE PECA14122012000000000075940000000000000000000000000000000141220120000000000759400000000000000001819                                    00                
0330002300014J00023791554700000380413262090000030850700935470COMDIP COMERCIAL DISTR DE PECA14122012000000000038041000000000000000000000000000000141220120000000000380410000000000000001820                                    00                
0330002300015J00034193554700001131711570766747744522114471000COML NV MILLENNIUN A P LTDA EP14122012000000000113171000000000005658000000000000000141220120000000001075130000000000000001821                                    00                
0330002300016J00034195554700000448091570725747704522114471000COML NV MILLENNIUN A P LTDA EP14122012000000000044809000000000002240000000000000000141220120000000000425690000000000000001822                                    00                
0330002300017J00039994554700000131203005507878103430712744001DISTRIBUIDORA AUTOMOTIVA S/A  14122012000000000013120000000000000000000000000000000141220120000000000131200000000000000001823                                    00                
0330002300018J00023797554700000252290138092300000006601370000BBL SISTEMAS OPERACIONAIS LTDA14122012000000000025229000000000000000000000000000000141220120000000000252290000000000000001824                                    00                
0330002300019J00034192554700000065951125148926972938000052000EATON LTDA                    14122012000000000006595000000000000000000000000000000141220120000000000065950000000000000001825                                    00                
0330002300020J00034193554700001701581126111238552938000052000EATON LTDA                    14122012000000000170158000000000000000000000000000000141220120000000001701580000000000000001826                                    00                
0330002300021J00034199554700000586661125884107720765234976000GIANCAR DISTR AUTO PECAS LTDA 14122012000000000058666000000000000000000000000000000141220120000000000586660000000000000001827                                    00                
0330002300022J00034194554700000372371090304154350109276204000GIRANDO COMERCIO DE PECAS LTDA14122012000000000037237000000000000000000000000000000141220120000000000372370000000000000001828                                    00                
0330002300023J00034193554700000302771090304154430109276204000GIRANDO COMERCIO DE PECAS LTDA14122012000000000030277000000000000000000000000000000141220120000000000302770000000000000001829                                    00                
0330002300024J00000194554700000163980442666088334120000204711INSTALADORA SAO MARCOS LTDA   14122012000000000016398000000000000000000000000000000141220120000000000163980000000000000001830                                    00                
0330002300025J00034199554700003159741126553074060007499999000LX IND E COM DE AUTOPECAS LTDA14122012000000000315974000000000000000000000000000000141220120000000003159740000000000000001831                                    00                
0330002300026J00000195554700017390400000002146519442759598811METALURGICA TUBA LTDA         14122012000000001739040000000000000000000000000000000141220120000000017390400000000000000001833                                    00                
0330002300027J00023793554700000156643394090000012763500324600MORELATE DISTRIBUIDORA DE AUTO14122012000000000015664000000000000000000000000000000141220120000000000156640000000000000001834                                    00                
0330002300028J00034199554700000108191126414558220017328824000MTE THOMSON IND COM LTDA      14122012000000000010819000000000000000000000000000000141220120000000000108190000000000000001835                                    00                
0330002300029J00039993554700002619462315304408205313093513001REAL MOTO PECAS LTDA          14122012000000000261946000000000000000000000000000000141220120000000002619460000000000000001836                                    00                
0330002300030J00039998554700000633482315305042205313093513001REAL MOTO PECAS LTDA          14122012000000000063348000000000000000000000000000000141220120000000000633480000000000000001837                                    00                
0330002300031J00039991554700001056872053186387005313093513001REAL MOTO PECAS LTDA          14122012000000000105687000000000000000000000000000000141220120000000001056870000000000000001838                                    00                
0330002300032J00039993554700001885352053186291105313093513001REAL MOTO PECAS LTDA          14122012000000000188535000000000000000000000000000000141220120000000001885350000000000000001839                                    00                
0330002300033J00023793554700000060004130074130005992800050880SOUZA RAMOS COM E IMP LTDA    14122012000000000006000000000000000000000000000000000141220120000000000060000000000000000001840                                    00                
0330002300034J00023798554700000361090545090000030362100705060TONINI DISTRIBUIDORA LTDA     14122012000000000036109000000000000000000000000000000141220120000000000361090000000000000001841                                    00                
0330002300035J00034197554700003727831126392098928949010469000TSA TECN SIST AUTOM LTDA      14122012000000000372783000000000000000000000000000000141220120000000003727830000000000000001842                                    00                
0330002300036J00039991554700000215211764724273104540079149001BANCO SOFISA SA               14122012000000000021521000000000000000000000000000000141220120000000000215210000000000000001843                                    00                
0330002300037J00039991554700000644351764724272304540079149001BANCO SOFISA SA               14122012000000000064435000000000000000000000000000000141220120000000000644350000000000000001844                                    00                
0330002300038J00023798554700000627500090192331000000901013270WELLBOR AUTO PECAS LTDA       14122012000000000062750000000000000000000000000000000141220120000000000627500000000000000001845                                    00                
0330002300039J00039997554700000037323512576000000035948134922RODONAVES TRANSP E ENCOMENDAS 14122012000000000003732000000000000000000000000000000141220120000000000037320000000000000001846                                    00                
0330002300040J00039991554700000036813512576000000035948234922RODONAVES TRANSP E ENCOMENDAS 14122012000000000003681000000000000000000000000000000141220120000000000036810000000000000001847                                    00                
03300025         000042000000000005830936000000000000000000                                                                                                                                                                                     
03300031C2011010 205437537000137003300650049002805030006550000480000414 AUTO GERAL DE ITU LTDA                                                AV DR OCTAVIANO PEREIRA MENDES01333               ITU                 13301000SP                  
0330003300001O00083630000005545701103001773904650210002565404CIA PIRATININGA DE FORCA E LUZ14122012141220120000000000554571848                                                                                                                  
0330003300002B   000000000000000                              00000                                                  00000000  141220120000000000000000000000000000000000000000000000000000000000000000000000000000              0000000        
03300035         000004000000000000055457                                                                                                                                                                                                       
03399999         000003000052                                                                                                                                                                                                                   
