03300000         2054375370001370033006500490028050300065 0000480000414 AUTO GERAL DE ITU LTDA        BANCO SANTANDER                         11204201310153100014006000000                                        G4016PF00531               G4
03300011C2030030 205437537000137003300650049002805030006550000480000414 AUTO GERAL DE ITU LTDA                                                AV DR OCTAVIANO PEREIRA MENDES01333               ITU                 13301000SP                  
0330001300001J00003398566600000487009492147000000000607800104J FREITAS COM IMP E EXP LTDA  12042013000000000048700000000000000000000000000000000120420130000000000487000000000000000005884                                    00                
0330001300002J00003391566600000393739484501300000017999750104BANCO SOFISA SA               12042013000000000039373000000000000000000000000000000120420130000000000393730000000000000005899                                    00                
03300015         000004000000000000088073000000000000000000                                                                                                                                                                                     
03300021C2031030 205437537000137003300650049002805030006550000480000414 AUTO GERAL DE ITU LTDA                                                AV DR OCTAVIANO PEREIRA MENDES01333               ITU                 13301000SP                  
0330002300001J00034193566600004400001572122032527372112321000ART LASER GRAFICA E EDITORA LT12042013000000000440000000000000000000000000000000000120420130000000004400000000000000000005870                                    00                
0330002300002J00034195566600002280001129291848627460278760000ASTRO TECNOLOGIA I C LTDA     12042013000000000228000000000000000000000000000000000120420130000000002280000000000000000005871                                    00                
0330002300003J00034199566600000179141129213500993048000016000AUTOMEC COMERCIAL LTDA        12042013000000000017914000000000000000000000000000000120420130000000000179140000000000000005872                                    00                
0330002300004J00023791566600000268501509090000002386200958750AUTOPEC COMERCIO DE AUTO PECAS12042013000000000026850000000000000000000000000000000120420130000000000268500000000000000005873                                    00                
0330002300005J00034196566600000035001129384593960076000777000CENTER PECAS FABBRI LTDA      12042013000000000003500000000000000000000000000000000120420130000000000035000000000000000005874                                    00                
0330002300006J00034198566600000173701129537083960076000777000CENTER PECAS FABBRI LTDA      12042013000000000017370000000000000000000000000000000120420130000000000173700000000000000005875                                    00                
0330002300007J00034193566600000093071750000179038949044674000CENTRO AUTOMOTIVO ITUZAO LTDA 12042013000000000009307000000000000000000000000000000120420130000000000093070000000000000005876                                    00                
0330002300008J00023794566600000151833396093084000000500008270CINPAL CIA IND DE PECAS P/ AUT12042013000000000015183000000000000000000000000000000120420130000000000151830000000000000005877                                    00                
0330002300009J00023792566600005719203396093084000000100008270CINPAL CIA IND DE PECAS P/ AUT12042013000000000571920000000000000000000000000000000120420130000000005719200000000000000005878                                    00                
0330002300010J00023792566600000250393262090000038036400935470COMDIP COMERCIAL DISTR DE PECA12042013000000000025039000000000000000000000000000000120420130000000000250390000000000000005879                                    00                
0330002300011J00023791566600000657002646097923006817100133030COMERCIAL BANDEIRANTES DE BATE12042013000000000065700000000000000000000000000000000120420130000000000657000000000000000005880                                    00                
0330002300012J00034195566600000522071572389489834522114471000COML NV MILLENNIUN A P LTDA EP12042013000000000052207000000000002610000000000000000120420130000000000495970000000000000005881                                    00                
0330002300013J00023795566600000291340138093074000004401370000BBL SISTEMAS OPERACIONAIS LTDA12042013000000000029134000000000000000000000000000000120420130000000000291340000000000000005882                                    00                
0330002300014J00034196566600001008931128959519062938000052000EATON LTDA                    12042013000000000100893000000000000000000000000000000120420130000000001008930000000000000005883                                    00                
0330002300015J00000191566600008715600445739832234280000630911JOFUND S/A                    12042013000000000871560000000000000000000000000000000120420130000000008715600000000000000005885                                    00                
0330002300016J00000193566600000202640000002274856000026492917KRE COMERCIO DE PECAS LTDA    12042013000000000020264000000000000000000000000000000120420130000000000202640000000000000005886                                    00                
0330002300017J00000194566600000413340445324617824140005654411LAPONIA SUDESTE LTDA          12042013000000000041334000000000000000000000000000000120420130000000000413340000000000000005887                                    00                
0330002300018J00023796566600000615693392023050000004000201630LNG IMP EXP DE AUTOPECAS LTDA 12042013000000000061569000000000000000000000000000000120420130000000000615690000000000000005888                                    00                
0330002300019J00034197566600000524001128649016840384625000000PECAS AUTOMOTIVAS ZEENE LTDA  12042013000000000052400000000000000000000000000000000120420130000000000524000000000000000005889                                    00                
0330002300020J00023795566600000812783484093057000053801129000PETRONAS LUBRIFICANTES BRASIL 12042013000000000081278000000000000000000000000000000120420130000000000812780000000000000005890                                    00                
0330002300021J00039991566600001309952995135754305313093513001REAL MOTO PECAS LTDA          12042013000000000130995000000000000000000000000000000120420130000000001309950000000000000005891                                    00                
0330002300022J00039992566600004218982995131676605313093513001REAL MOTO PECAS LTDA          12042013000000000421898000000000000000000000000000000120420130000000004218980000000000000005892                                    00                
0330002300023J00023791566600000523003395061180232958200028140ROCHESTER DISTRIBUIDORA DE AUT12042013000000000052300000000000000000000000000000000120420130000000000523000000000000000005893                                    00                
0330002300024J00034195566600005083441129754354650480001510000SUSIN FRANCESCUTTI METAL LTDA 12042013000000000508344000000000000000000000000000000120420130000000005083440000000000000005894                                    00                
0330002300025J00034192566600000875771561872075441491040273000SWELL BRASIL I E C A PC LTDA  12042013000000000087577000000000000000000000000000000120420130000000000875770000000000000005895                                    00                
0330002300026J00034198566600000668591572452244710644684235000VGER COM IMP EXP DE AUTO PECAS12042013000000000066859000000000000000000000000000000120420130000000000668590000000000000005896                                    00                
0330002300027J00039993566600000072451771310592904540079149001BANCO SOFISA SA               12042013000000000007245000000000000000000000000000000120420130000000000072450000000000000005897                                    00                
0330002300028J00039999566600000281901771310591004540079149001BANCO SOFISA SA               12042013000000000028190000000000000000000000000000000120420130000000000281900000000000000005898                                    00                
0330002300029J00023796566600000427172372196600109080100360080TELEFONICA BRASIL S/A         12042013000000000042717000000000000000000000000000000120420130000000000427170000000000000005902                                    00                
0330002300030J00010494566600000000009223380413031200300612098SIND. DOS COND. DE VEICULOS RO12042013000000000002900000000000000000000000000000000120420130000000000029000000000000000005903                                    00                
03300025         000032000000000004077837000000000000000000                                                                                                                                                                                     
03300031C2011010 205437537000137003300650049002805030006550000480000414 AUTO GERAL DE ITU LTDA                                                AV DR OCTAVIANO PEREIRA MENDES01333               ITU                 13301000SP                  
0330003300001O00082600000000557611050000020133301256110100104AGUAS DE ITU                  12042013120420130000000000055765900                                                                                                                  
0330003300002B   000000000000000                              00000                                                  00000000  120420130000000000000000000000000000000000000000000000000000000000000000000000000000              0000000        
0330003300003O00082620000005673411050000020133301410890100104AGUAS DE ITU                  12042013120420130000000000567345901                                                                                                                  
0330003300004B   000000000000000                              00000                                                  00000000  120420130000000000000000000000000000000000000000000000000000000000000000000000000000              0000000        
0330003300005O00084680000010900010299916142879601001599431377TELEFONICA                    12042013120420130000000001090005904                                                                                                                  
0330003300006B   000000000000000                              00000                                                  00000000  120420130000000000000000000000000000000000000000000000000000000000000000000000000000              0000000        
0330003300007O00084620000010900010299916142845101001599421377TELEFONICA                    12042013120420130000000001090005905                                                                                                                  
0330003300008B   000000000000000                              00000                                                  00000000  120420130000000000000000000000000000000000000000000000000000000000000000000000000000              0000000        
0330003300009O00084670000026693310299916113340001001599411377TELEFONICA                    12042013120420130000000002669335906                                                                                                                  
0330003300010B   000000000000000                              00000                                                  00000000  120420130000000000000000000000000000000000000000000000000000000000000000000000000000              0000000        
03300035         000012000000000000547243                                                                                                                                                                                                       
03399999         000003000050                                                                                                                                                                                                                   
