03300000         2054375370001370033006500490028050300065 0000480000414 AUTO GERAL DE ITU LTDA        BANCO SANTANDER                         11211201211122400002706000000                                        G4016PF00528               G4
03300011C2030030 205437537000137003300650049002805030006550000480000414 AUTO GERAL DE ITU LTDA                                                AV DR OCTAVIANO PEREIRA MENDES01333               ITU                 13301000SP                  
0330001300001J00003398551400000364809216580500000000811670203J M CHAVES CARBURADORES ME    1111201200000000003648000000000000000000000000000000012112012000000000036480000000000000000654                                     00                
0330001300002J00003397551500000358509492147000000000457130104J FREITAS COM IMP E EXP LTDA  1211201200000000003585000000000000000000000000000000012112012000000000035850000000000000000674                                     00                
0330001300003J00003399551500002384009500895600000000202300201ONIN DISTR DE AUTOPECAS LTDA  1211201200000000023840000000000000000000000000000000012112012000000000238400000000000000000678                                     00                
0330001300004J00003398551300000014009213650300000171079620102SIND EMPRE COMERCIO ITU E REGI1011201200000000000140000000000000000000000000000000012112012000000000001400000000000000000702                                     00                
0330001300005J00003391551300000021009213650300000171079700102SIND EMPRE COMERCIO ITU E REGI1011201200000000000210000000000000000000000000000000012112012000000000002100000000000000000703                                     00                
03300015         000007000000000000314230000000000000000000                                                                                                                                                                                     
03300021C2031030 205437537000137003300650049002805030006550000480000414 AUTO GERAL DE ITU LTDA                                                AV DR OCTAVIANO PEREIRA MENDES01333               ITU                 13301000SP                  
0330002300001J00034191551300000039001124863225820076000777000CENTER PECAS FABBRI LTDA      1011201200000000000390000000000000000000000000000000012112012000000000003900000000000000000629                                     00                
0330002300002J00034197551300000108001124863226240076000777000CENTER PECAS FABBRI LTDA      1011201200000000001080000000000000000000000000000000012112012000000000010800000000000000000630                                     00                
0330002300003J00034199551300000282001124863226160076000777000CENTER PECAS FABBRI LTDA      1011201200000000002820000000000000000000000000000000012112012000000000028200000000000000000631                                     00                
0330002300004J00034195551300000028001124863225900076000777000CENTER PECAS FABBRI LTDA      1011201200000000000280000000000000000000000000000000012112012000000000002800000000000000000632                                     00                
0330002300005J00034199551300000073501124863226080076000777000CENTER PECAS FABBRI LTDA      1011201200000000000735000000000000000000000000000000012112012000000000007350000000000000000633                                     00                
0330002300006J00034199551300000406901125498942390249809195000DRIVEWAY IND BRASIL AUT PEC LT1011201200000000004069000000000000000000000000000000012112012000000000040690000000000000000634                                     00                
0330002300007J00034192551300001082901124092103932938000052000EATON LTDA                    1011201200000000010829000000000000000000000000000000012112012000000000108290000000000000000635                                     00                
0330002300008J00034191551300003739791124565563672938000052000EATON LTDA                    1011201200000000037397900000000000000000000000000000012112012000000000373979000000000000000636                                     00                
0330002300009J00034191551300000721941124092114252938000052000EATON LTDA                    1011201200000000007219400000000000000000000000000000012112012000000000072194000000000000000637                                     00                
0330002300010J00039992551300000357981762007997904570524809001F CONFUORTO IND COM PCS LTDA  1011201200000000003579800000000000000000000000000000012112012000000000035798000000000000000638                                     00                
0330002300011J00023793551300000080363372190000001164805069000FELIVEL DISTR CAMINHOES LTDA  1011201200000000000803600000000000000000000000000000012112012000000000008036000000000000000639                                     00                
0330002300012J00034198551300001204191125297076582938017569000FRAS-LE SA                    1011201200000000012041900000000000000000000000000000012112012000000000120419000000000000000640                                     00                
0330002300013J00023792551300000278603394090000011124200324600MORELATE DISTR AUTOPECAS LTDA 1011201200000000002786000000000000000000000000000000012112012000000000027860000000000000000641                                     00                
0330002300014J00000194551300000363440000002096856000002162817PRV COMERCIO DE PECAS LTDA    1011201200000000003634400000000000000000000000000000012112012000000000036344000000000000000642                                     00                
0330002300015J00023791551300000170002857091322850690400000320RIO PARDO COML DISTR LTDA     1011201200000000001700000000000000000000000000000000012112012000000000017000000000000000000643                                     00                
0330002300016J00023792551300000748093395061180232801600028140ROCHESTER DISTR DE AUTOPECAS S1011201200000000007480900000000000000000000000000000012112012000000000074809000000000000000644                                     00                
0330002300017J00000199551300001823680000001244482993005360217RPT DIS DE AUTOPECAS          1011201200000000018236800000000000000000000000000000012112012000000000182368000000000000000645                                     00                
0330002300018J00034191551400000233831124951695450237417159000ACCIOLY SA IMP E COM          1111201200000000002338300000000000000000000000000000012112012000000000023383000000000000000646                                     00                
0330002300019J00023791551400000640760119060000000911300682000CORCERAMA COM AUTOPECAS LTDA  1111201200000000006407600000000000000000000000000000012112012000000000064076000000000000000647                                     00                
0330002300020J00000191551400001545884584341663700370004790718DB DISTR DE BATERIAS LTDA     1111201200000000015458800000000000000000000000000000012112012000000000154588000000000000000648                                     00                
0330002300021J00000198551400000990984584341663800370004790718DB DISTR DE BATERIAS LTDA     1111201200000000009909800000000000000000000000000000012112012000000000099098000000000000000649                                     00                
0330002300022J00034198551400000035321124638787702938000052000EATON LTDA                    1111201200000000000353200000000000000000000000000000012112012000000000003532000000000000000650                                     00                
0330002300023J00034191551400000192451124638794142938000052000EATON LTDA                    1111201200000000001924500000000000000000000000000000012112012000000000019245000000000000000651                                     00                
0330002300024J00034191551400002550341124638791742938000052000EATON LTDA                    1111201200000000025503400000000000000000000000000000012112012000000000255034000000000000000652                                     00                
0330002300025J00023796551400000976722709091323114790500148090GUETTI COML ATACADISTA LTDA   1111201200000000009767200000000000000000000000000000012112012000000000097672000000000000000653                                     00                
0330002300026J00000194551400000124310000001216979441511878731NOVA DISTR DE VEICULOS LTDA   1111201200000000001243100000000000000000000000000000012112012000000000012431000000000000000655                                     00                
0330002300027J00034191551400000440031090012395161446624742000PACCINI CIA LTDA              1111201200000000004400300000000000000000000000000000012112012000000000044003000000000000000656                                     00                
0330002300028J00023796551400000849773395061180232802500028140ROCHESTER DISTR DE AUTOPECAS S1111201200000000008497700000000000000000000000000000012112012000000000084977000000000000000657                                     00                
0330002300029J00000193551400006835660000001291892000004263417VESPOR AUTOMOTIVE DISTR AUTOPE1111201200000000068356600000000000000000000000000000012112012000000000683566000000000000000658                                     00                
0330002300030J00000191551400002681090000001148003000006841417VESPOR AUTOMOTIVE DISTR AUTOPE1111201200000000026810900000000000000000000000000000012112012000000000268109000000000000000659                                     00                
0330002300031J00023791551500000221233371090000833720400719500AVEBRAZ COM DE VEICULOS E PECA1211201200000000002212300000000000000000000000000000012112012000000000022123000000000000000660                                     00                
0330002300032J00023799551500001283503381090000008387301801540BRASILWAGEN COM VEICULOS SA   1211201200000000012835000000000000000000000000000000012112012000000000128350000000000000000661                                     00                
0330002300033J00000197551500001758980439817149319140000100711CDMD COM DE VEICULOS AUTOMOTOR1211201200000000017589800000000000000000000000000000012112012000000000175898000000000000000662                                     00                
0330002300034J00023794551500000259243262090000027598100935470COMDIP COML DISTR DE PECAS LTD1211201200000000002592400000000000000000000000000000012112012000000000025924000000000000000663                                     00                
0330002300035J00034199551500000377131570033938034522114471000COML NV MILLENNIUN A P LTDA EP1211201200000000003771300000000000000000000000000000012112012000000000037713000000000000000664                                     00                
0330002300036J00035693551500000311780689070323420000004888930DISTRIBUIDORA AUTOMOTIVA SA   1211201200000000003117800000000000000000000000000000012112012000000000031178000000000000000665                                     00                
0330002300037J00034193551500000339571123941117130017749003000DOVAC IND COM LTDA            1211201200000000003395700000000000169700000000000000012112012000000000032260000000000000000666                                     00                
0330002300038J00034194551500000105351123015727912938000052000EATON LTDA                    1211201200000000001053500000000000000000000000000000012112012000000000010535000000000000000667                                     00                
0330002300039J00034193551500001203841124638832002938000052000EATON LTDA                    1211201200000000012038400000000000000000000000000000012112012000000000120384000000000000000668                                     00                
0330002300040J00034195551500000265641124638831272938000052000EATON LTDA                    1211201200000000002656400000000000000000000000000000012112012000000000026564000000000000000669                                     00                
0330002300041J00034192551500000877971124008378302938107808000ELIVEL AUTOMOTORES LTDA       1211201200000000008779700000000000000000000000000000012112012000000000087797000000000000000670                                     00                
0330002300042J00034194551500000366791090303990350109276204000GIRANDO COM DE PECAS LTDA     1211201200000000003667900000000000000000000000000000012112012000000000036679000000000000000671                                     00                
0330002300043J00000191551500002087490000001514623441993828411HAIRAM IND E COM DE AUTOPECAS 1211201200000000020874900000000000000000000000000000012112012000000000208749000000000000000672                                     00                
0330002300044J00035691551500000269500409503986700000000234065ITA PECAS PARA VEIC COM SERV L1211201200000000002695000000000000000000000000000000012112012000000000026950000000000000000673                                     00                
0330002300045J00034193551500000365621123941272970017301896000LUKSNOVA SA IND E COM LTDA    1211201200000000003656200000000000190300000000000000012112012000000000034659000000000000000675                                     00                
0330002300046J00034191551500000342111125077156402938025125000MAHLE METAL LEVE SA           1211201200000000003421100000000000000000000000000000012112012000000000034211000000000000000676                                     00                
0330002300047J00023797551500000412753394090000009653100324600MORELATE DISTR DE AUTOPECAS LT1211201200000000004127500000000000000000000000000000012112012000000000041275000000000000000677                                     00                
0330002300048J00000191551500001763850000001644718000023433517P.E. DISTR DE AUTOPECAS LTDA  1211201200000000017638500000000000000000000000000000012112012000000000176385000000000000000679                                     00                
0330002300049J00039999551500006948628144664800404540096965001PELLEGRINO DISTR DE AUTOPECAS 1211201200000000069486200000000000000000000000000000012112012000000000694862000000000000000680                                     00                
0330002300050J00039999551500000593888144664784904540096965001PELLEGRINO DISTR DE AUTOPECAS 1211201200000000005938800000000000000000000000000000012112012000000000059388000000000000000681                                     00                
0330002300051J00039992551500001486902696542118004540096965001PELLEGRINO DISTR DE AUTOPECAS 1211201200000000014869000000000000000000000000000000012112012000000000148690000000000000000682                                     00                
0330002300052J00023797551500000989943484092268000075201129000PETRONAS LUBRIFICANTES BRASIL 1211201200000000009899400000000000000000000000000000012112012000000000098994000000000000000683                                     00                
0330002300053J00000192551500001124670000002096856000001885217PRV COMERCIO DE PECAS LTDA    1211201200000000011246700000000000000000000000000000012112012000000000112467000000000000000684                                     00                
0330002300054J00000198551500000442110000002096856000002061717PRV COM DE PECAS              1211201200000000004421100000000000000000000000000000012112012000000000044211000000000000000685                                     00                
0330002300055J00000199551500000597640000002096856000002127017PRV COM DE PECAS              1211201200000000005976400000000000000000000000000000012112012000000000059764000000000000000686                                     00                
0330002300056J00000191551500000276360000002096857000000545017PTD COM DE PECAS              1211201200000000002763600000000000000000000000000000012112012000000000027636000000000000000687                                     00                
0330002300057J00039998551500003002422053159190005313093513001REAL MOTO PECAS LTDA          1211201200000000030024200000000000000000000000000000012112012000000000300242000000000000000688                                     00                
0330002300058J00039991551500000343962053153992405313093513001REAL MOTO PECAS LTDA          1211201200000000003439600000000000000000000000000000012112012000000000034396000000000000000689                                     00                
0330002300059J00039994551500000321902053153163005313093513001REAL MOTO PECAS LTDA          1211201200000000003219000000000000000000000000000000012112012000000000032190000000000000000690                                     00                
0330002300060J00000199551500000330700000001538847000012833017SK AUTOMOTIVE SA DISTR AUTOPCS1211201200000000003307000000000000000000000000000000012112012000000000033070000000000000000691                                     00                
0330002300061J00023798551500000402303395090000004846900650000SORANA SUL                    1211201200000000004023000000000000000000000000000000012112012000000000040230000000000000000692                                     00                
0330002300062J00034197554500000010001092193013102938014558000SODEXO PASS DO BRASIL SERV E C1212201200000000000100000000000000000000000000000000012112012000000000001000000000000000000693                                     00                
0330002300063J00034196551300007608381125331679070076004985000UNIMED SOROCABA COOP TRABALHO 1011201200000000076083800000000000000000000000000000012112012000000000760838000000000000000694                                     00                
0330002300064J00040995551300000456005267115800100200071320330UNIMED SALTO/ITU COOP TRAB MED1011201200000000004560000000000000000000000000000000012112012000000000045600000000000000000695                                     00                
0330002300065J00040996551300012667115267115800100200071318549UNIMED SALTO/ITU COOP TRAB MED1011201200000000126671100000000000000000000000000000012112012000000001266711000000000000000696                                     00                
0330002300066J00034195551300000000001750173053258052145193000SIND EMPRE COMERCIO ITU E REGI1011201200000000000856000000000000000000000000000000012112012000000000008560000000000000000697                                     00                
0330002300067J00034196551300000000001750173243918052145193000SIND EMPRE COMERCIO ITU E REGI1011201200000000001712600000000000000000000000000000012112012000000000017126000000000000000698                                     00                
0330002300068J00034191551300000000001750173053338052145193000SIND EMPRE COMERCIO ITU E REGI1011201200000000000997600000000000000000000000000000012112012000000000009976000000000000000699                                     00                
0330002300069J00034194551300000000001750173053098052145193000SIND EMPRE COMERCIO ITU E REGI1011201200000000006022300000000000000000000000000000012112012000000000060223000000000000000700                                     00                
0330002300070J00034191551300000000001750173053178052145193000SIND EMPRE COMERCIO ITU E REGI1011201200000000001342900000000000000000000000000000012112012000000000013429000000000000000701                                     00                
0330002300071J00034197551300000000001750543753718052145193000SIND EMPRE COMERCIO ITU E REGI1011201200000000000476000000000000000000000000000000012112012000000000004760000000000000000704                                     00                
0330002300072J00034194551300000035001750171079528052144022000SIND EMPRE COMERCIO ITU E REGI1011201200000000000350000000000000000000000000000000012112012000000000003500000000000000000705                                     00                
0330002300073J00034191551300000014001750171104858052144022000SIND EMPRE COMERCIO DE ITU E R1011201200000000000140000000000000000000000000000000012112012000000000001400000000000000000707                                     00                
0330002300074J00010497551500000000008223381112031200300612098SIND. DOS COND. DE VEICULOS RO1211201200000000000290000000000000000000000000000000012112012000000000002900000000000000000708                                     00                
0330002300075J00034198551500000416051570232904630278483557000AUTO POSTO ESTRADAO DE ITU LTD1211201200000000004160500000000000000000000000000000012112012000000000041605000000000000000709                                     00                
0330002300076J00034197551500000387871750000084568949044674000CENTRO AUTOMOTIVO ITUZAO LTDA 1211201200000000003878700000000000000000000000000000012112012000000000038787000000000000000710                                     00                
0330002300077J00034191551300000831271570228811856260139677000ABDELNOR II COM COMB LTDA     1011201200000000008312700000000000000000000000000000012112012000000000083127000000000000000711                                     00                
03300025         000079000000000008263867000000000000000000                                                                                                                                                                                     
03300031C2011010 205437537000137003300650049002805030006550000480000414 AUTO GERAL DE ITU LTDA                                                AV DR OCTAVIANO PEREIRA MENDES01333               ITU                 13301000SP                  
0330003300001O00081680000000050044042012111212110000000291649PM SOROCABA                   1211201212112012000000000000500712                                                                                                                   
0330003300002B   000000000000000                              00000                                                  00000000  121120120000000000000000000000000000000000000000000000000000000000000000000000000000              0000000        
03300035         000004000000000000000500                                                                                                                                                                                                       
03399999         000003000092                                                                                                                                                                                                                   
