03300000         2054375370001370033006500490028050300065 0000480000414 AUTO GERAL DE ITU LTDA        BANCO SANTANDER                         11303201310033800011706000000                                        G4016PF00529               G4
03300011C2003031 2054375370001370033006500490028050300065 0000480000414 AUTO GERAL DE ITU LTDA                                                AV DR OCTAVIANO PEREIRA MENDES01333               ITU                 13301000SP                  
0330001300001A0007000010154660000002050374 GERAL PARTS COM PECAS E ABRASI4843                13032013BRL000000000000000000000000036888                    00000000000000000000000                                        07          0          
0330001300002B   252472438000176                              00000                                                  00000000  130320130000000000368880000000000000000000000000000000000000000000000000000000000000000           00000          
03300015         000004000000000000036888000000000000000000                                                                                                                                                                                     
03300021C2030030 205437537000137003300650049002805030006550000480000414 AUTO GERAL DE ITU LTDA                                                AV DR OCTAVIANO PEREIRA MENDES01333               ITU                 13301000SP                  
0330002300001J00003397563600000504049472544100000001082780104CINPAL CIA IND DE PECAS P/ AUT13032013000000000050404000000000000000000000000000000130320130000000000504040000000000000004826                                    00                
0330002300002J00003398563600000502009492147000000000568200104J FREITAS COM IMP E EXP LTDA  13032013000000000050200000000000000000000000000000000130320130000000000502000000000000000004830                                    00                
03300025         000004000000000000100604000000000000000000                                                                                                                                                                                     
03300031C2031030 205437537000137003300650049002805030006550000480000414 AUTO GERAL DE ITU LTDA                                                AV DR OCTAVIANO PEREIRA MENDES01333               ITU                 13301000SP                  
0330003300001J00023798563600004151482474091130590306900173700ARAMAR PECAS AUTOMOTIVAS LTDA 13032013000000000415148000000000000000000000000000000130320130000000004151480000000000000004823                                    00                
0330003300002J00023793563600000062003371090000833947000719500AVEBRAZ COMERCIO DE VEICULOS E13032013000000000006200000000000000000000000000000000130320130000000000062000000000000000004824                                    00                
0330003300003J00034195563600000098501128322647690076000777000CENTER PECAS FABBRI LTDA      13032013000000000009850000000000000000000000000000000130320130000000000098500000000000000004825                                    00                
0330003300004J00034195563600000186771090304608600109276204000GIRANDO COMERCIO DE PECAS LTDA13032013000000000018677000000000000000000000000000000130320130000000000186770000000000000004827                                    00                
0330003300005J00034191563600000061631090304608780109276204000GIRANDO COMERCIO DE PECAS LTDA13032013000000000006163000000000000000000000000000000130320130000000000061630000000000000004828                                    00                
0330003300006J00034195563600000175551090304608860109276204000GIRANDO COMERCIO DE PECAS LTDA13032013000000000017555000000000000000000000000000000130320130000000000175550000000000000004829                                    00                
0330003300007J00000193563600000753070000001292592443196935611K PARTS INDUSTRIA E COMERCIO D13032013000000000075307000000000000000000000000000000130320130000000000753070000000000000004831                                    00                
0330003300008J00023791563600004167101449093066000001100486600MICHAEL SANTOS DA SILVA PECAS 13032013000000000416710000000000000000000000000000000130320130000000004167100000000000000004832                                    00                
0330003300009J00023796563600000583243484093044000052801129000PETRONAS LUBRIFICANTES BRASIL 13032013000000000058324000000000000000000000000000000130320130000000000583240000000000000004833                                    00                
0330003300010J00000191563600000181090000001572502000001864017SHARK TRATORES E PECAS LTDA   13032013000000000018109000000000000000000000000000000130320130000000000181090000000000000004834                                    00                
0330003300011J00034199563600016074781090000245865199147918000UNIBOMBAS IND COM DE AUTOPECAS13032013000000001607478000000000000000000000000000000130320130000000016074780000000000000004835                                    00                
0330003300012J00000198563600002066400000001291892000004742017VESPOR AUTOMOTIVE DIST DE AUTO13032013000000000206640000000000000000000000000000000130320130000000002066400000000000000004836                                    00                
0330003300013J00000194563600006018920000001291892000004739917VESPOR AUTOMOTIVE DIST DE AUTO13032013000000000601892000000000000000000000000000000130320130000000006018920000000000000004837                                    00                
0330003300014J00000193563600001268600000001148003000007425617VESPOR AUTOMOTIVE DIST DE AUTO13032013000000000126860000000000000000000000000000000130320130000000001268600000000000000004838                                    00                
0330003300015J00000196563600002074520000001148003000007425717VESPOR AUTOMOTIVE DIST DE AUTO13032013000000000207452000000000000000000000000000000130320130000000002074520000000000000004839                                    00                
0330003300016J00000194563600000172200000001291892000004740317VESPOR AUTOMOTIVE DIST DE AUTO13032013000000000017220000000000000000000000000000000130320130000000000172200000000000000004840                                    00                
0330003300017J00000198563600001661280000001291892000004738717VESPOR AUTOMOTIVE DIST DE AUTO13032013000000000166128000000000000000000000000000000130320130000000001661280000000000000004841                                    00                
0330003300018J00034199563600000248841816555761748513014608000SATTURNO SOROCABA TELEFONIA LT13032013000000000024884000000000000000000000000000000130320130000000000248840000000000000004842                                    00                
03300035         000020000000000004000597000000000000000000                                                                                                                                                                                     
03399999         000003000030                                                                                                                                                                                                                   
