03300000         2054375370001370033006500490028050300065 0000480000414 AUTO GERAL DE ITU LTDA        BANCO SANTANDER                         11302201310404100009706000000                                        G4016PF00529               G4
03300011C2030030 205437537000137003300650049002805030006550000480000414 AUTO GERAL DE ITU LTDA                                                AV DR OCTAVIANO PEREIRA MENDES01333               ITU                 13301000SP                  
0330001300001J00003393560700000824769121618000000004202390203TARANTO COML IMP E EXP        12022013000000000082476000000000000000000000000000000130220130000000000824760000000000000003820                                    00                
0330001300002J00003395560700019335019121618000000004202470203TARANTO COML IMP E EXP        12022013000000001933501000000000000000000000000000000130220130000000019335010000000000000003821                                    00                
0330001300003J00003397560800000503899472544100000001082510104CINPAL CIA IND DE PECAS P/ AUT13022013000000000050389000000000000000000000000000000130220130000000000503890000000000000003833                                    00                
0330001300004J00003399560800000306709513931700000104007020101DISTRIBUIDORA AUTOMOTIVA S/A  13022013000000000030670000000000000000000000000000000130220130000000000306700000000000000003837                                    00                
0330001300005J00003399560800000287519513931700000104007610101DISTRIBUIDORA AUTOMOTIVA S/A  13022013000000000028751000000000000000000000000000000130220130000000000287510000000000000003841                                    00                
0330001300006J00003394560800001564909484311800000095548230104TRICO LATINOAMERICANA DO BRASI13022013000000000156490000000000000000000000000000000130220130000000001564900000000000000003852                                    00                
0330001300007J00003396560500000720009128400200000000423660104COOPER PUBLICACOES SC LTDA    10022013000000000072000000000000000000000000000000000130220130000000000720000000000000000003856                                    00                
0330001300008J00003398560500000035009213650300000178986500102SINDICATO DOS EMPREGADOS NO CO10022013000000000003500000000000000000000000000000000130220130000000000035000000000000000003868                                    00                
0330001300009J00003393560500000014009213650300000178986680102SINDICATO DOS EMPREGADOS NO CO10022013000000000001400000000000000000000000000000000130220130000000000014000000000000000003869                                    00                
0330001300010J00003398560500000014009213650300000178986760102SINDICATO DOS EMPREGADOS NO CO10022013000000000001400000000000000000000000000000000130220130000000000014000000000000000003870                                    00                
0330001300011J00003393560500000014009213650300000179012430102SINDICATO DOS EMPREGADOS NO CO10022013000000000001400000000000000000000000000000000130220130000000000014000000000000000003871                                    00                
03300015         000013000000000002361977000000000000000000                                                                                                                                                                                     
03399999         000001000015                                                                                                                                                                                                                   
