03300000         2054375370001370033006500490028050300065 0000480000414 AUTO GERAL DE ITU LTDA        BANCO SANTANDER                         11402201311030000009806000000                                        G4016PF00529               G4
03300011C2003031 2054375370001370033006500490028050300065 0000480000414 AUTO GERAL DE ITU LTDA                                                AV DR OCTAVIANO PEREIRA MENDES01333               ITU                 13301000SP                  
0330001300001A0000183410016800000000435808 MEGA FREIOS DISTR E SERV P/ VE3933                14022013BRL000000000000000000000000678742                    00000000000000000000000                                        07          0          
0330001300002B   205197228000137                              00000                                                  00000000  140220130000000006787420000000000000000000000000000000000000000000000000000000000000000           00000          
03300015         000004000000000000678742000000000000000000                                                                                                                                                                                     
03300021C2030030 205437537000137003300650049002805030006550000480000414 AUTO GERAL DE ITU LTDA                                                AV DR OCTAVIANO PEREIRA MENDES01333               ITU                 13301000SP                  
0330002300001J00003399560900007031899472544100000001164240104CINPAL CIA IND DE PECAS P/ AUT14022013000000000703189000000000000000000000000000000140220130000000007031890000000000000003887                                    00                
0330002300002J00003396560900003905599513931700000104037360101DISTRIBUIDORA AUTOMOTIVA S/A  14022013000000000390559000000000000000000000000000000140220130000000003905590000000000000003899                                    00                
0330002300003J00003391560900000719209492147000000000545930104J FREITAS COM IMP E EXP LTDA  14022013000000000071920000000000000000000000000000000140220130000000000719200000000000000003911                                    00                
0330002300004J00003397560900008273259482285400000091861820203JOFUND S/A                    14022013000000000827325000000000000000000000000000000140220130000000008273250000000000000003912                                    00                
0330002300005J00003393560900000268309484311800000095549390104TRICO LATINOAMERICANA DO BRASI14022013000000000026830000000000000000000000000000000140220130000000000268300000000000000003923                                    00                
03300025         000007000000000002019823000000000000000000                                                                                                                                                                                     
03300031C2031030 205437537000137003300650049002805030006550000480000414 AUTO GERAL DE ITU LTDA                                                AV DR OCTAVIANO PEREIRA MENDES01333               ITU                 13301000SP                  
0330003300001J00034195560900007724901128140596097648020084000ALKA IND AUTOPECAS LTDA       14022013000000000772490000000000000000000000000000000140220130000000007724900000000000000003882                                    00                
0330003300002J00039992560900000460351767635350004061860231001CAR CENTRAL DE AUTOPECAS E ROL14022013000000000046035000000000000000000000000000000140220130000000000460350000000000000003883                                    00                
0330003300003J00000192560900000395970442641941219140000100711CDMD COM DE VEICULOS AUTOMOTOR14022013000000000039597000000000000000000000000000000140220130000000000395970000000000000003884                                    00                
0330003300004J00034194560900000044501127755884300076000777000CENTER PECAS FABBRI LTDA      14022013000000000004450000000000000000000000000000000140220130000000000044500000000000000003885                                    00                
0330003300005J00034195560900000110501127755885210076000777000CENTER PECAS FABBRI LTDA      14022013000000000011050000000000000000000000000000000140220130000000000110500000000000000003886                                    00                
0330003300006J00039991560900000113903200080030803436080189001COFIPE VEICULOS LTDA          14022013000000000011390000000000000000000000000000000140220130000000000113900000000000000003888                                    00                
0330003300007J00023795560900002938422002061301400644100829680COMERCIAL AUTOMOTIVA S.A.     14022013000000000293842000000000000000000000000000000140220130000000002938420000000000000003889                                    00                
0330003300008J00023791560900000191742002061301402922100829680COMERCIAL AUTOMOTIVA S.A.     14022013000000000019174000000000000000000000000000000140220130000000000191740000000000000003890                                    00                
0330003300009J00023793560900001801132002061301400641100829680COMERCIAL AUTOMOTIVA S.A.     14022013000000000180113000000000000000000000000000000140220130000000001801130000000000000003891                                    00                
0330003300010J00023797560900001731472002061301400574100829680COMERCIAL AUTOMOTIVA S.A.     14022013000000000173147000000000000000000000000000000140220130000000001731470000000000000003892                                    00                
0330003300011J00023798560900001155362002061301400606100829680COMERCIAL AUTOMOTIVA S.A.     14022013000000000115536000000000000000000000000000000140220130000000001155360000000000000003893                                    00                
0330003300012J00023791560900006318936348093007000116201024500DAYCO POWER TRANSMISSION      14022013000000000631893000000000000000000000000000000140220130000000006318930000000000000003894                                    00                
0330003300013J00034191560900000400271127413551462938036635000DAYCO POWER TRANSMISSION      14022013000000000040027000000000000000000000000000000140220130000000000400270000000000000003895                                    00                
0330003300014J00034198560900000219031127413551532938036635000DAYCO POWER TRANSMISSION      14022013000000000021903000000000000000000000000000000140220130000000000219030000000000000003896                                    00                
0330003300015J00023794560900015365880285093036000002800943470DISTRIBUIDORA BRASUL DE AUTOPE14022013000000001536588000000000000000000000000000000140220130000000015365880000000000000003897                                    00                
0330003300016J00023799560900001047110285093036000002700943470DISTRIBUIDORA BRASUL DE AUTOPE14022013000000000104711000000000000000000000000000000140220130000000001047110000000000000003898                                    00                
0330003300017J00039995560900001295223005511139803430712744001DISTRIBUIDORA AUTOMOTIVA S/A  14022013000000000129522000000000000000000000000000000140220130000000001295220000000000000003900                                    00                
0330003300018J00039993560900000411123005511203303430712744001DISTRIBUIDORA AUTOMOTIVA S/A  14022013000000000041112000000000000000000000000000000140220130000000000411120000000000000003901                                    00                
0330003300019J00039991560900001860733005610517003430712744001DISTRIBUIDORA AUTOMOTIVA S/A  14022013000000000186073000000000000000000000000000000140220130000000001860730000000000000003902                                    00                
0330003300020J00039995560900000326303005510833803430712744001DISTRIBUIDORA AUTOMOTIVA S/A  14022013000000000032630000000000000000000000000000000140220130000000000326300000000000000003903                                    00                
0330003300021J00039995560900000273613005511175403430712744001DISTRIBUIDORA AUTOMOTIVA S/A  14022013000000000027361000000000000000000000000000000140220130000000000273610000000000000003904                                    00                
0330003300022J00023795560900000595853114091396134526801763000BANCO SAFRA S/A               14022013000000000059585000000000000000000000000000000140220130000000000595850000000000000003905                                    00                
0330003300023J00034198560900021752461128102216822938017569000FRAS-LE S/A                   14022013000000002175246000000000000000000000000000000140220130000000021752460000000000000003906                                    00                
0330003300024J00023793560900005388070530093031000000800042080FUNDICAO BATATAIS LTDA        14022013000000000538807000000000000000000000000000000140220130000000005388070000000000000003907                                    00                
0330003300025J00023791560900000881584130073030000047205005930FW DISTRIBUIDORA LTDA         14022013000000000088158000000000000000000000000000000140220130000000000881580000000000000003908                                    00                
0330003300026J00034195560900000194291090304479090109276204000GIRANDO COMERCIO DE PECAS LTDA14022013000000000019429000000000000000000000000000000140220130000000000194290000000000000003909                                    00                
0330003300027J00034193560900003700481090304473700109276204000GIRANDO COMERCIO DE PECAS LTDA14022013000000000370048000000000000000000000000000000140220130000000003700480000000000000003910                                    00                
0330003300028J00034191560900001907821128039221481446685057000KT COMP AUTOMOTIVOS LTDA      14022013000000000190782000000000000000000000000000000140220130000000001907820000000000000003913                                    00                
0330003300029J00023796560900000949651523191330440467100006070LX IND E COM DE AUTOPECAS LTDA14022013000000000094965000000000000000000000000000000140220130000000000949650000000000000003914                                    00                
0330003300030J00034192560900000781631127567624678351016152000MANDO MACHINERY LTDA          14022013000000000078163000000000000000000000000000000140220130000000000781630000000000000003915                                    00                
0330003300031J00000195560900003173631675225057104700000290517METALURGICA ADAMANTINA LTDA   14022013000000000317363000000000000000000000000000000140220130000000003173630000000000000003916                                    00                
0330003300032J00034194000000000000001219837555061012365225000PACAEMBU AUTO PECAS LTDA      14022013000000000024400000000000000000000000000000000140220130000000000244000000000000000003917                                    00                
0330003300033J00000191560900000126500000002108330000000723417PECA MAIS COMERCIO DE AUTO PEC14022013000000000012650000000000000000000000000000000140220130000000000126500000000000000003918                                    00                
0330003300034J00039998560900000498048144669246104540096965001PELLEGRINO DISTRIBUIDORA DE AU14022013000000000049804000000000000000000000000000000140220130000000000498040000000000000003919                                    00                
0330003300035J00039993560900002996643133521203005313093513001REAL MOTO PECAS LTDA          14022013000000000299664000000000000000000000000000000140220130000000002996640000000000000003920                                    00                
0330003300036J00023793560900000379043395061180232895900028140ROCHESTER DISTRIBUIDORA DE AUT14022013000000000037904000000000000000000000000000000140220130000000000379040000000000000003921                                    00                
0330003300037J00023798560900000271503392093021000015900682910SONNERVIG AUTOMOVEIS LTDA     14022013000000000027150000000000000000000000000000000140220130000000000271500000000000000003922                                    00                
0330003300038J00034191560900005791451128088908033184597502000UNIVERSAL AUTOMOTIVE SYSTEMS S14022013000000000579145000000000000000000000000000000140220130000000005791450000000000000003924                                    00                
0330003300039J00034193560900000130001091478134170513721555000VENANPECAS LTDA               14022013000000000013000000000000000000000000000000000140220130000000000130000000000000000003925                                    00                
0330003300040J00000198560900001970980000001148003000007300117VESPOR AUTOMOTIVE DIST DE AUTO14022013000000000197098000000000000000000000000000000140220130000000001970980000000000000003926                                    00                
0330003300041J00000198560900004682520000001291892000004644717VESPOR AUTOMOTIVE DIST DE AUTO14022013000000000468252000000000000000000000000000000140220130000000004682520000000000000003927                                    00                
0330003300042J00000194560900000940700000001148003000007300017VESPOR AUTOMOTIVE DIST DE AUTO14022013000000000094070000000000000000000000000000000140220130000000000940700000000000000003928                                    00                
0330003300043J00000193560900002418110000001148003000007300217VESPOR AUTOMOTIVE DIST DE AUTO14022013000000000241811000000000000000000000000000000140220130000000002418110000000000000003929                                    00                
0330003300044J00000192560900001147850000001148003000007299917VESPOR AUTOMOTIVE DIST DE AUTO14022013000000000114785000000000000000000000000000000140220130000000001147850000000000000003930                                    00                
0330003300045J00039992560900000083961767960518604540079149001BANCO SOFISA SA               14022013000000000008396000000000000000000000000000000140220130000000000083960000000000000003931                                    00                
0330003300046J00039991560900000481661767960517804540079149001BANCO SOFISA SA               14022013000000000048166000000000000000000000000000000140220130000000000481660000000000000003932                                    00                
03300035         000048000000000010567485000000000000000000                                                                                                                                                                                     
03399999         000003000061                                                                                                                                                                                                                   
