03300000         2054375370001370033006500490028050300065 0000480000414 AUTO GERAL DE ITU LTDA        BANCO SANTANDER                         11411201210165800003006000000                                        G4016PF00528               G4
03300011C2003031 2054375370001370033006500490028050300065 0000480000414 AUTO GERAL DE ITU LTDA                                                AV DR OCTAVIANO PEREIRA MENDES01333               ITU                 13301000SP                  
0330001300001A00070039900454000000000575219TRELLEBORG AUTOMOTIVE DO BRASI784                 14112012BRL000000000000000000000000106970                    00000000000000000000000                                        07          0          
0330001300002B   203249921000180                              00000                                                  00000000  141120120000000001069700000000000000000000000000000000000000000000000000000000000000000           00000          
0330001300003A0000183410077600000000859027 ADERALDO PAULO TULINO RODRIGUE785                 14112012BRL000000000000000000000000677447                    00000000000000000000000                                        07          0          
0330001300004B   212412056000132                              00000                                                  00000000  141120120000000006774470000000000000000000000000000000000000000000000000000000000000000           00000          
03300015         000006000000000000784417000000000000000000                                                                                                                                                                                     
03300021C2030030 205437537000137003300650049002805030006550000480000414 AUTO GERAL DE ITU LTDA                                                AV DR OCTAVIANO PEREIRA MENDES01333               ITU                 13301000SP                  
0330002300001J00003393551700000279479513931700000103275170101DISTRIBUIDORA AUTOMOTIVA SA   1411201200000000002794700000000000000000000000000000014112012000000000027947000000000000000759                                     00                
0330002300002J00003394551700001154249489019100000091980080104KSPG AUTOMOTIVE BRASIL LTDA   1411201200000000011542400000000000000000000000000000014112012000000000115424000000000000000767                                     00                
03300025         000004000000000000143371000000000000000000                                                                                                                                                                                     
03300031C2031030 205437537000137003300650049002805030006550000480000414 AUTO GERAL DE ITU LTDA                                                AV DR OCTAVIANO PEREIRA MENDES01333               ITU                 13301000SP                  
0330003300001J00034193551700001584961125629141466830231038000ALESSANDRO MEDEIROS B EPP     1411201200000000015849600000000000000000000000000000014112012000000000158496000000000000000748                                     00                
0330003300002J00023791551700001359901316090000008997300009000APS DISTR DE AUTOPECAS        1411201200000000013599000000000000000000000000000000014112012000000000135990000000000000000749                                     00                
0330003300003J00039998551700000426871763083083411960078237001BAP AUTOMOTIVA LTDA           1411201200000000004268700000000000000000000000000000014112012000000000042687000000000000000750                                     00                
0330003300004J00023791551700000556770495092234000028000995600CAOA CAMINHOES LTDA           1411201200000000005567700000000000000000000000000000014112012000000000055677000000000000000751                                     00                
0330003300005J00034197551700000147201125112461110076000777000CENTER PECAS FABBRI LTDA      1411201200000000001472000000000000000000000000000000014112012000000000014720000000000000000752                                     00                
0330003300006J00034195551700000357001125112460870076000777000CENTER PECAS FABBRI LTDA      1411201200000000003570000000000000000000000000000000014112012000000000035700000000000000000753                                     00                
0330003300007J00034196551700000029501125112460610076000777000CENTER PECAS FABBRI LTDA      1411201200000000000295000000000000000000000000000000014112012000000000002950000000000000000754                                     00                
0330003300008J00034199551700000055001125112461030076000777000CENTER PECAS FABBRI LTDA      1411201200000000000550000000000000000000000000000000014112012000000000005500000000000000000755                                     00                
0330003300009J00000194551700000526000000001748318000003597517DIP DISTR DE PECAS LTDA       1411201200000000005260000000000000000000000000000000014112012000000000052600000000000000000756                                     00                
0330003300010J00000193551700010968760000001458137442172262031DISTRIBUIDORA BRASUL DE AUTOPE1411201200000000109687600000000000000000000000000000014112012000000001096876000000000000000757                                     00                
0330003300011J00000196551700001939400000001458137442172262231DISTRIBUIDORA BRASUL DE AUTOPE1411201200000000019394000000000000000000000000000000014112012000000000193940000000000000000758                                     00                
0330003300012J00039992551700000860543005506651103430712744001DISTRIBUIDORA AUTOMOTIVA SA   1411201200000000008605400000000000000000000000000000014112012000000000086054000000000000000760                                     00                
0330003300013J00039996551700000281683005506348203430712744001DISTRIBUIDORA AUTOMOTIVA SA   1411201200000000002816800000000000000000000000000000014112012000000000028168000000000000000761                                     00                
0330003300014J00023794551700000395150138092263000003501453000OBB CONSULTORIA E PARTICIPACOE1411201200000000003951500000000000000000000000000000014112012000000000039515000000000000000762                                     00                
0330003300015J00023791551700000272950138092284000003601370000BBL SISTEMAS OPERACIONAIS LTDA1411201200000000002729500000000000000000000000000000014112012000000000027295000000000000000763                                     00                
0330003300016J00034191551700001250961125493949742938017569000FRAS-LE SA                    1411201200000000012509600000000000000000000000000000014112012000000000125096000000000000000764                                     00                
0330003300017J00023791551700000328744130072304000141605005930FW DISTRIBUIDORA LTDA         1411201200000000003287400000000000000000000000000000014112012000000000032874000000000000000765                                     00                
0330003300018J00000195551700006651470442085500634280000630911JOFUND SA                     1411201200000000066514700000000000000000000000000000014112012000000000665147000000000000000766                                     00                
0330003300019J00023794551700000429221911092291000001000178030LNG IMP EXP DE AUTOPECAS LTDA 1411201200000000004292200000000000000000000000000000014112012000000000042922000000000000000768                                     00                
0330003300020J00023795551700000740911523191323180407100006070LX IND E COM DE AUTOPECAS LTDA1411201200000000007409100000000000000000000000000000014112012000000000074091000000000000000769                                     00                
0330003300021J00023798551700000408643394090000011191400324600MORELATE DISTR AUTOPECAS LTDA 1411201200000000004086400000000000000000000000000000014112012000000000040864000000000000000770                                     00                
0330003300022J00039994551700000228408144664981704540096965001PELLEGRINO DISTR DE AUTOPECAS 1411201200000000002284000000000000000000000000000000014112012000000000022840000000000000000771                                     00                
0330003300023J00039996551700000570831763111681704540096965001PELLEGRINO DISTR DE AUTOPECAS 1411201200000000005708300000000000000000000000000000014112012000000000057083000000000000000772                                     00                
0330003300024J00039992551700000824368144664909404540096965001PELLEGRINO DISTR DE AUTOPECAS 1411201200000000008243600000000000000000000000000000014112012000000000082436000000000000000773                                     00                
0330003300025J00023791551700000438013484092289000016201129000PETRONAS LUBRIFICANTES BRASIL 1411201200000000004380100000000000000000000000000000014112012000000000043801000000000000000774                                     00                
0330003300026J00023794551700000309840151091323060009201251750PECA MAIS COM DE AUTOPECAS LTD1411201200000000003098400000000000000000000000000000014112012000000000030984000000000000000775                                     00                
0330003300027J00034198551700000542001124911127390384625000000PECAS AUTOMOTIVAS ZEENE LTDA  1411201200000000005420000000000000000000000000000000014112012000000000054200000000000000000776                                     00                
0330003300028J00034191551700002481311125543475110191074004000POLIPECAS COML E IMP LTDA     1411201200000000024813100000000001736900000000000000014112012000000000230762000000000000000777                                     00                
0330003300029J00034199551700000582601125543475450191074004000POLIPECAS COML E IMP LTDA     1411201200000000005826000000000000407800000000000000014112012000000000054182000000000000000778                                     00                
0330003300030J00000191551700000500000441395014533260008018911T-PARTS COML E IMP DE AUTOPECA1411201200000000005000000000000000000000000000000000014112012000000000050000000000000000000779                                     00                
0330003300031J00039997551700000033643512576000000035304831922RODONAVES TRANSP E ENCOMENDAS 1411201200000000000336400000000000000000000000000000014112012000000000003364000000000000000780                                     00                
0330003300032J00000199551700000000009946819946819900302948421SICAP SIND COM ATAC IMP EXP E 1411201200000000004000000000000000000000000000000000014112012000000000040000000000000000000781                                     00                
0330003300033J00000192551700000000009946819946819900302889321SICAP SIND COM ATAC IMP EXP E 1411201200000000004000000000000000000000000000000000014112012000000000040000000000000000000782                                     00                
0330003300034J00000193551700000000009946819946819900302921921SICAP SIND COM ATAC IMP EXP E 1411201200000000004000000000000000000000000000000000014112012000000000040000000000000000000783                                     00                
03300035         000036000000000003706814000000000000000000                                                                                                                                                                                     
03399999         000003000048                                                                                                                                                                                                                   
