03300000         2054375370001370033006500490028050300065 0000480000414 AUTO GERAL DE ITU LTDA        BANCO SANTANDER                         11403201310373900011806000000                                        G4016PF00529               G4
03300011C2003031 2054375370001370033006500490028050300065 0000480000414 AUTO GERAL DE ITU LTDA                                                AV DR OCTAVIANO PEREIRA MENDES01333               ITU                 13301000SP                  
0330001300001A0007002370336770000000019291 MAX GEAR IND E COM DE AUTO PEC4892                14032013BRL000000000000000000000000454967                    00000000000000000000000                                        07          0          
0330001300002B   202821683000173                              00000                                                  00000000  140320130000000004549670000000000000000000000000000000000000000000000000000000000000000           00000          
0330001300003A0007003410027800000000599279 REGINAVES IND E COM DE AVES   4893                14032013BRL000000000000000000000000025122                    00000000000000000000000                                        07          0          
0330001300004B   242234005000803                              00000                                                  00000000  140320130000000000251220000000000000000000000000000000000000000000000000000000000000000           00000          
03300015         000006000000000000480089000000000000000000                                                                                                                                                                                     
03300021C2030030 205437537000137003300650049002805030006550000480000414 AUTO GERAL DE ITU LTDA                                                AV DR OCTAVIANO PEREIRA MENDES01333               ITU                 13301000SP                  
0330002300001J00003391563700007029789472544100000001164320104CINPAL CIA IND DE PECAS P/ AUT14032013000000000702978000000000000000000000000000000140320130000000007029780000000000000004848                                    00                
0330002300002J00003399563700000858139472544100000001164670104CINPAL CIA IND DE PECAS P/ AUT14032013000000000085813000000000000000000000000000000140320130000000000858130000000000000004849                                    00                
0330002300003J00003394563700000326469513931700000104274140101DISTRIBUIDORA AUTOMOTIVA S.A. 14032013000000000032646000000000000000000000000000000140320130000000000326460000000000000004855                                    00                
0330002300004J00003398563700000277859492147000000000573040104J FREITAS COM IMP E EXP LTDA  14032013000000000027785000000000000000000000000000000140320130000000000277850000000000000004860                                    00                
03300025         000006000000000000849222000000000000000000                                                                                                                                                                                     
03300031C2031030 205437537000137003300650049002805030006550000480000414 AUTO GERAL DE ITU LTDA                                                AV DR OCTAVIANO PEREIRA MENDES01333               ITU                 13301000SP                  
0330003300001J00023795563700000356343114091396487018501763000BODIPASA BOMBAS DIESEL PAULIST14032013000000000035634000000000000000000000000000000140320130000000000356340000000000000004844                                    00                
0330003300002J00039992563700000365511770102445104061860231001CAR CENTRAL DE AUTOPECAS E ROL14032013000000000036551000000000000000000000000000000140320130000000000365510000000000000004845                                    00                
0330003300003J00039993563700000405271770102435404061860231001CAR CENTRAL DE AUTOPECAS E ROL14032013000000000040527000000000000000000000000000000140320130000000000405270000000000000004846                                    00                
0330003300004J00039991563700000206601770102441904061860231001CAR CENTRAL DE AUTOPECAS E ROL14032013000000000020660000000000000000000000000000000140320130000000000206600000000000000004847                                    00                
0330003300005J00023793563700003976792002061301410132100829680COMERCIAL AUTOMOTIVA S.A.     14032013000000000397679000000000000000000000000000000140320130000000003976790000000000000004850                                    00                
0330003300006J00023795563700000176372002061301410013100829680COMERCIAL AUTOMOTIVA S.A.     14032013000000000017637000000000000000000000000000000140320130000000000176370000000000000004851                                    00                
0330003300007J00023794563700000258492002061301409939100829680COMERCIAL AUTOMOTIVA S.A.     14032013000000000025849000000000000000000000000000000140320130000000000258490000000000000004852                                    00                
0330003300008J00023795563700000384272002061301409938100829680COMERCIAL AUTOMOTIVA S.A.     14032013000000000038427000000000000000000000000000000140320130000000000384270000000000000004853                                    00                
0330003300009J00035697563700000373800689070323490000005579051DISTRIBUIDORA AUTOMOTIVA S.A. 14032013000000000037380000000000000000000000000000000140320130000000000373800000000000000004854                                    00                
0330003300010J00035695563700000188910689070323430000003265832DISTRIBUIDORA AUTOMOTIVA S.A. 14032013000000000018891000000000000000000000000000000140320130000000000188910000000000000004856                                    00                
0330003300011J00035691563700000132900689070323400000003265975DISTRIBUIDORA AUTOMOTIVA S.A. 14032013000000000013290000000000000000000000000000000140320130000000000132900000000000000004857                                    00                
0330003300012J00034197563700000183311090304619420109276204000GIRANDO COMERCIO DE PECAS LTDA14032013000000000018331000000000000000000000000000000140320130000000000183310000000000000004858                                    00                
0330003300013J00034199563700000252511090304619340109276204000GIRANDO COMERCIO DE PECAS LTDA14032013000000000025251000000000000000000000000000000140320130000000000252510000000000000004859                                    00                
0330003300014J00000193563700004623610444957492634280000630911JOFUND S/A                    14032013000000000462361000000000000000000000000000000140320130000000004623610000000000000004861                                    00                
0330003300015J00034198563700001864001128875459552395022557000KOGA KOGA CIA LTDA            14032013000000000186400000000000000000000000000000000140320130000000001864000000000000000004862                                    00                
0330003300016J00034191563700000219801128097812172938025125000MAHLE METAL LEVE S/A          14032013000000000021980000000000000000000000000000000140320130000000000219800000000000000004863                                    00                
0330003300017J00034193563700000434981128097811912938025125000MAHLE METAL LEVE S/A          14032013000000000043498000000000000000000000000000000140320130000000000434980000000000000004864                                    00                
0330003300018J00034194563700000054771128097812092938025125000MAHLE METAL LEVE S/A          14032013000000000005477000000000000000000000000000000140320130000000000054770000000000000004865                                    00                
0330003300019J00034198563700000651761128097811002938025125000MAHLE METAL LEVE S/A          14032013000000000065176000000000000000000000000000000140320130000000000651760000000000000004866                                    00                
0330003300020J00034196563700000078321128097811262938025125000MAHLE METAL LEVE S/A          14032013000000000007832000000000000000000000000000000140320130000000000078320000000000000004867                                    00                
0330003300021J00034199563700000110251128097811182938025125000MAHLE METAL LEVE S/A          14032013000000000011025000000000000000000000000000000140320130000000000110250000000000000004868                                    00                
0330003300022J00004198563700007565592118022997501000075604110MAZI AUTOMOTIVA LTDA          14032013000000000756559000000000000000000000000000000140320130000000007565590000000000000004869                                    00                
0330003300023J00034197563700001975001128802954590018215004000MEF SUL C I EXPORTACAO LTDA   14032013000000000197500000000000000000000000000000000140320130000000001975000000000000000004870                                    00                
0330003300024J00023794563700000328042078093063000004100013000DAVOS FOMENTO COMERCIAL LTDA  14032013000000000032804000000000000000000000000000000140320130000000000328040000000000000004871                                    00                
0330003300025J00034193000000000000001219866884231012365225000PACAEMBU AUTO PECAS LTDA      14032013000000000044778000000000000000000000000000000140320130000000000447780000000000000004872                                    00                
0330003300026J00039998563700002989852696556025304540096965001PELLEGRINO DISTRIBUIDORA DE AU14032013000000000298985000000000000000000000000000000140320130000000002989850000000000000004873                                    00                
0330003300027J00039991563700001043008144670792204540096965001PELLEGRINO DISTRIBUIDORA DE AU14032013000000000104300000000000000000000000000000000140320130000000001043000000000000000004874                                    00                
0330003300028J00039999563700001852972696555984004540096965001PELLEGRINO DISTRIBUIDORA DE AU14032013000000000185297000000000000000000000000000000140320130000000001852970000000000000004875                                    00                
0330003300029J00039996563700000762988144670721304540096965001PELLEGRINO DISTRIBUIDORA DE AU14032013000000000076298000000000000000000000000000000140320130000000000762980000000000000004876                                    00                
0330003300030J00039991563700000406168144670762004540096965001PELLEGRINO DISTRIBUIDORA DE AU14032013000000000040616000000000000000000000000000000140320130000000000406160000000000000004877                                    00                
0330003300031J00023796563700000656923484093045000020801129000PETRONAS LUBRIFICANTES BRASIL 14032013000000000065692000000000000000000000000000000140320130000000000656920000000000000004878                                    00                
0330003300032J00023794563700000401963684190000020119700673000POLIPECAS DISTRIBUIDORA AUTOMO14032013000000000040196000000000000000000000000000000140320130000000000401960000000000000004879                                    00                
0330003300033J00023791563700000830623684190000020117300673000POLIPECAS DISTRIBUIDORA AUTOMO14032013000000000083062000000000000000000000000000000140320130000000000830620000000000000004880                                    00                
0330003300034J00023794563700000428143684190000020120300673000POLIPECAS DISTRIBUIDORA AUTOMO14032013000000000042814000000000000000000000000000000140320130000000000428140000000000000004881                                    00                
0330003300035J00000196563700001272000000002226112444966434611POWER STOP INDUSTRIA E COMERCI14032013000000000127200000000000000000000000000000000140320130000000001272000000000000000004882                                    00                
0330003300036J00023792563700000557923395061180232923900028140ROCHESTER DISTRIBUIDORA DE AUT14032013000000000055792000000000000000000000000000000140320130000000000557920000000000000004883                                    00                
0330003300037J00000191563700000760480000001451450000037552217SK AUTOMOTIVE S/A DISTR AUTOPE14032013000000000076048000000000000000000000000000000140320130000000000760480000000000000004884                                    00                
0330003300038J00000197563700003413880000002175416000003538417SK AUTOMOTIVE S/A DISTR AUTOPE14032013000000000341388000000000000000000000000000000140320130000000003413880000000000000004885                                    00                
0330003300039J00000193563700000862820000002175416000003529817SK AUTOMOTIVE S/A DISTR AUTOPE14032013000000000086282000000000000000000000000000000140320130000000000862820000000000000004886                                    00                
0330003300040J00000192563700001109910000002175416000003530917SK AUTOMOTIVE S/A DISTR AUTOPE14032013000000000110991000000000000000000000000000000140320130000000001109910000000000000004887                                    00                
0330003300041J00023796563700001550003178190000018354800421050SK AUTOMOTIVE S/A DISTR AUTOPE14032013000000000155000000000000000000000000000000000140320130000000001550000000000000000004888                                    00                
0330003300042J00034191563700006833351128859801543184122228000UNIVERSAL AUTOMOTIVE SYSTEMS S14032013000000000683335000000000000000000000000000000140320130000000006833350000000000000004889                                    00                
0330003300043J00023796563700003709101495090000013825900119200VALCLEI IND E COM LTDA        14032013000000000370910000000000000000000000000000000140320130000000003709100000000000000004890                                    00                
0330003300044J00000191563700001033200000001291892000004745917VESPOR AUTOMOTIVE DIST DE AUTO14032013000000000103320000000000000000000000000000000140320130000000001033200000000000000004891                                    00                
03300035         000046000000000005609023000000000000000000                                                                                                                                                                                     
03399999         000003000060                                                                                                                                                                                                                   
