03300000         2054375370001370033006500490028050300065 0000480000414 AUTO GERAL DE ITU LTDA        BANCO SANTANDER                         11503201310383000011906000000                                        G4016PF00529               G4
03300011C2003031 2054375370001370033006500490028050300065 0000480000414 AUTO GERAL DE ITU LTDA                                                AV DR OCTAVIANO PEREIRA MENDES01333               ITU                 13301000SP                  
0330001300001A0007003410894900000000044674 CENTRO AUTOMOTIVO ITUZAO LTDA 4951                15032013BRL000000000000000000000000022515                    00000000000000000000000                                        07          0          
0330001300002B   208699770000186                              00000                                                  00000000  150320130000000000225150000000000000000000000000000000000000000000000000000000000000000           00000          
03300015         000004000000000000022515000000000000000000                                                                                                                                                                                     
03300021C2030030 205437537000137003300650049002805030006550000480000414 AUTO GERAL DE ITU LTDA                                                AV DR OCTAVIANO PEREIRA MENDES01333               ITU                 13301000SP                  
0330002300001J00003391563800000673809513931700000104292470101DISTRIBUIDORA AUTOMOTIVA S.A. 15032013000000000067380000000000000000000000000000000150320130000000000673800000000000000004906                                    00                
0330002300002J00003392563800008006109513931700000104290690101DISTRIBUIDORA AUTOMOTIVA S.A. 15032013000000000800610000000000000000000000000000000150320130000000008006100000000000000004907                                    00                
0330002300003J00003395563800002249079513931700000104283800101DISTRIBUIDORA AUTOMOTIVA S.A. 15032013000000000224907000000000000000000000000000000150320130000000002249070000000000000004911                                    00                
0330002300004J00003395563800002788789513931700000104289250101DISTRIBUIDORA AUTOMOTIVA S.A. 15032013000000000278878000000000000000000000000000000150320130000000002788780000000000000004914                                    00                
0330002300005J00003391563800006288209537802800000000009390203SPARX IND E COM DE PECAS AUTO 15032013000000000628820000000000000000000000000000000150320130000000006288200000000000000004925                                    00                
0330002300006J00003394563800001710009128344800001000382120101RADIO CIDADE DE ITU LTDA      15032013000000000171000000000000000000000000000000000150320130000000001710000000000000000004930                                    00                
03300025         000008000000000002171595000000000000000000                                                                                                                                                                                     
03300031C2031030 205437537000137003300650049002805030006550000480000414 AUTO GERAL DE ITU LTDA                                                AV DR OCTAVIANO PEREIRA MENDES01333               ITU                 13301000SP                  
0330003300001J00034194563800002277601090000233500278067418000CAPITAL EMBALAGENS DESCAT LTDA15032013000000000227760000000000000000000000000000000150320130000000002277600000000000000004894                                    00                
0330003300002J00034191563800006360491128806210840360545834000COBRA ROLAMENTOS E AUTO PECAS 15032013000000000636049000000000000000000000000000000150320130000000006360490000000000000004895                                    00                
0330003300003J00034191563800000579311128806212250360545834000COBRA ROLAMENTOS E AUTO PECAS 15032013000000000057931000000000000000000000000000000150320130000000000579310000000000000004896                                    00                
0330003300004J00034193563800000782081128806211670360545834000COBRA ROLAMENTOS E AUTO PECAS 15032013000000000078208000000000000000000000000000000150320130000000000782080000000000000004897                                    00                
0330003300005J00034191563800000335751128806211750360545834000COBRA ROLAMENTOS E AUTO PECAS 15032013000000000033575000000000000000000000000000000150320130000000000335750000000000000004898                                    00                
0330003300006J00023795563800000308612002061301413307100829680COMERCIAL AUTOMOTIVA S.A.     15032013000000000030861000000000000000000000000000000150320130000000000308610000000000000004899                                    00                
0330003300007J00023792563800000623630311061316132955100829680COMERCIAL AUTOMOTIVA S.A.     15032013000000000062363000000000000000000000000000000150320130000000000623630000000000000004900                                    00                
0330003300008J00034191563800000895461816573191954522114471000COML NV MILLENNIUN A P LTDA EP15032013000000000089546000000000000000000000000000000150320130000000000895460000000000000004901                                    00                
0330003300009J00034191563800000157141572019493074522114471000COML NV MILLENNIUN A P LTDA EP15032013000000000015714000000000000785000000000000000150320130000000000149290000000000000004902                                    00                
0330003300010J00035696563800012760160689070323400000003266080DISTRIBUIDORA AUTOMOTIVA S.A. 15032013000000001276016000000000000000000000000000000150320130000000012760160000000000000004903                                    00                
0330003300011J00035691563800001581320689070323420000005755039DISTRIBUIDORA AUTOMOTIVA S.A. 15032013000000000158132000000000000000000000000000000150320130000000001581320000000000000004904                                    00                
0330003300012J00035697563800000948800689070323410000005579505DISTRIBUIDORA AUTOMOTIVA S.A. 15032013000000000094880000000000000000000000000000000150320130000000000948800000000000000004905                                    00                
0330003300013J00035695563800002666790689070323420000005579462DISTRIBUIDORA AUTOMOTIVA S.A. 15032013000000000266679000000000000000000000000000000150320130000000002666790000000000000004908                                    00                
0330003300014J00035699563800000249900689070323460000003266217DISTRIBUIDORA AUTOMOTIVA S.A. 15032013000000000024990000000000000000000000000000000150320130000000000249900000000000000004909                                    00                
0330003300015J00035696563800003895640689070323430000003266079DISTRIBUIDORA AUTOMOTIVA S.A. 15032013000000000389564000000000000000000000000000000150320130000000003895640000000000000004910                                    00                
0330003300016J00035691563800002177440689070323480000005755033DISTRIBUIDORA AUTOMOTIVA S.A. 15032013000000000217744000000000000000000000000000000150320130000000002177440000000000000004912                                    00                
0330003300017J00035692563800001225100689070323400000005579423DISTRIBUIDORA AUTOMOTIVA S.A. 15032013000000000122510000000000000000000000000000000150320130000000001225100000000000000004913                                    00                
0330003300018J00034196563800000096431127789058882938000052000EATON LTDA                    15032013000000000009643000000000000000000000000000000150320130000000000096430000000000000004915                                    00                
0330003300019J00034199563800000210151128185237582938000052000EATON LTDA                    15032013000000000021015000000000000000000000000000000150320130000000000210150000000000000004916                                    00                
0330003300020J00034193563800002280501128185238572938000052000EATON LTDA                    15032013000000000228050000000000000000000000000000000150320130000000002280500000000000000004917                                    00                
0330003300021J00034194563800000531921127789057712938000052000EATON LTDA                    15032013000000000053192000000000000000000000000000000150320130000000000531920000000000000004918                                    00                
0330003300022J00023791563800000346353392021330520441301078340F2 DISTRIBUIDORA DE AUTO PARTS15032013000000000034635000000000000000000000000000000150320130000000000346350000000000000004919                                    00                
0330003300023J00023793563800000240204130073060000046805005930FW DISTRIBUIDORA LTDA         15032013000000000024020000000000000000000000000000000150320130000000000240200000000000000004920                                    00                
0330003300024J00000198563800000115990444784652534120000204711INSTALADORA SAO MARCOS LTDA   15032013000000000011599000000000000000000000000000000150320130000000000115990000000000000004921                                    00                
0330003300025J00074595563800000789533314080403011770073964234LNG IMP EXP DE AUTOPECAS LTDA 15032013000000000078953000000000000000000000000000000150320130000000000789530000000000000004922                                    00                
0330003300026J00023793563800000832143392023050000003800201630LNG IMP EXP DE AUTOPECAS LTDA 15032013000000000083214000000000000000000000000000000150320130000000000832140000000000000004923                                    00                
0330003300027J00000191563800000410160444399326933200001050131LUPORINI DISTR DE AUTOPECAS LT15032013000000000041016000000000000000000000000000000150320130000000000410160000000000000004924                                    00                
0330003300028J00023791563800000166402500090256573579500000340ODAPEL DISTRIBUIDORA DE AUTO P15032013000000000016640000000000000000000000000000000150320130000000000166400000000000000004926                                    00                
0330003300029J00034195563800001600001571904381380513635268000OPPORTUNITY COMUN MARK LTDA   15032013000000000160000000000000000000000000000000000150320130000000001600000000000000000004927                                    00                
0330003300030J00034191563800000711801571904509350513635268000OPPORTUNITY COMUN MARK LTDA   15032013000000000071180000000000000000000000000000000150320130000000000711800000000000000004928                                    00                
0330003300031J00039998563800000378368144670851104540096965001PELLEGRINO DISTRIBUIDORA DE AU15032013000000000037836000000000000000000000000000000150320130000000000378360000000000000004929                                    00                
0330003300032J00039996563800000462123133575086405313093513001REAL MOTO PECAS LTDA          15032013000000000046212000000000000000000000000000000150320130000000000462120000000000000004931                                    00                
0330003300033J00039992563800004821013133574320505313093513001REAL MOTO PECAS LTDA          15032013000000000482101000000000000000000000000000000150320130000000004821010000000000000004932                                    00                
0330003300034J00039991563800000952623133586598005313093513001REAL MOTO PECAS LTDA          15032013000000000095262000000000000000000000000000000150320130000000000952620000000000000004933                                    00                
0330003300035J00039991563800001952993133586878405313093513001REAL MOTO PECAS LTDA          15032013000000000195299000000000000000000000000000000150320130000000001952990000000000000004934                                    00                
0330003300036J00023792563800001359703395061180232925300028140ROCHESTER DISTRIBUIDORA DE AUT15032013000000000135970000000000000000000000000000000150320130000000001359700000000000000004935                                    00                
0330003300037J00023797563800000785040545090000029912800705060TONINI DISTRIBUIDORA LTDA     15032013000000000078504000000000000000000000000000000150320130000000000785040000000000000004936                                    00                
0330003300038J00034197563800002847201090001287670076635200000TV ALIANCA PAULISTA SA        15032013000000000284720000000000000000000000000000000150320130000000002847200000000000000004937                                    00                
0330003300039J00034193563800006403561090001291790076635200000TV ALIANCA PAULISTA SA        15032013000000000640356000000000000000000000000000000150320130000000006403560000000000000004938                                    00                
0330003300040J00034196563800004361991128842278211446736314000UNDERCAR COMP AUTOMOTIVOS LTDA15032013000000000436199000000000000000000000000000000150320130000000004361990000000000000004939                                    00                
0330003300041J00000191563800003678850443310691934200002431331ZM S/A                        15032013000000000367885000000000000000000000000000000150320130000000003678850000000000000004940                                    00                
0330003300042J00034197563800007476931090004410217444300003000ZUPAN INDUSTRIA H P LTDA      15032013000000000747693000000000000000000000000000000150320130000000007476930000000000000004941                                    00                
0330003300043J00023792563800000450142002193052000299300001270INDUSTRIAS ROMI SA            15032013000000000045014000000000000000000000000000000150320130000000000450140000000000000004942                                    00                
0330003300044J00023799563800000450142002193052000155500001270INDUSTRIAS ROMI SA            15032013000000000045014000000000000000000000000000000150320130000000000450140000000000000004943                                    00                
0330003300045J00034198563800004148811128412136582938012875000INDUSTRIAS ROMI SA            15032013000000000414881000000000000000000000000000000150320130000000004148810000000000000004944                                    00                
0330003300046J00034196563800004148811128412121302938012875000INDUSTRIAS ROMI SA            15032013000000000414881000000000000000000000000000000150320130000000004148810000000000000004945                                    00                
0330003300047J00074591564000010499993680049280025004390098534DELL COMPUTADORES DO BRASIL   17032013000000001049999000000000000000000000000000000150320130000000010499990000000000000004946                                    00                
0330003300048J00000195563800000978720000002325672000073058318PREFEITURA DA ESTANCIA TURISTI15032013000000000097872000000000000000000000000000000150320130000000000978720000000000000004947                                    00                
0330003300049J00034192000000000351901750470925212938010580000EMPRESA BRASILEIRA DE TELECOMU15032013000000000035190000000000000000000000000000000150320130000000000351900000000000000004948                                    00                
03300035         000051000000000010265782000000000000000000                                                                                                                                                                                     
03300041C2011010 205437537000137003300650049002805030006550000480000414 AUTO GERAL DE ITU LTDA                                                AV DR OCTAVIANO PEREIRA MENDES01333               ITU                 13301000SP                  
0330004300001O00081710000000702521482013031521480001439280213PM ITU                        15032013150320130000000000070254949                                                                                                                  
0330004300002B   000000000000000                              00000                                                  00000000  150320130000000000000000000000000000000000000000000000000000000000000000000000000000              0000000        
0330004300003O00081700000001299421482013031521480001439130213PM ITU                        15032013150320130000000000129944950                                                                                                                  
0330004300004B   000000000000000                              00000                                                  00000000  150320130000000000000000000000000000000000000000000000000000000000000000000000000000              0000000        
03300045         000006000000000000020019                                                                                                                                                                                                       
03399999         000004000071                                                                                                                                                                                                                   
