03300000         2054375370001370033006500490028050300065 0000480000414 AUTO GERAL DE ITU LTDA        BANCO SANTANDER                         11504201317151000014206000000                                        G4016PF00531               G4
03300011C2031030 205437537000137003300650049002805030006550000480000414 AUTO GERAL DE ITU LTDA                                                AV DR OCTAVIANO PEREIRA MENDES01333               ITU                 13301000SP                  
0330001300001J00034194567000001006661128805139438514325201000BODIPASA BOMBAS DIESEL PAULIST16042013000000000100666000000000000000000000000000000160420130000000001006660000000000000005989                                    00                
0330001300002J00023794567000000576583396093030000000600008270CINPAL CIA IND DE PECAS P/ AUT16042013000000000057658000000000000000000000000000000160420130000000000576580000000000000005990                                    00                
0330001300003J00023799567000004213963396093030000000200008270CINPAL CIA IND DE PECAS P/ AUT16042013000000000421396000000000000000000000000000000160420130000000004213960000000000000005991                                    00                
0330001300004J00039999567000000501672830014773011950973110001COMERCIAL AUTOMOTIVA S.A.     16042013000000000050167000000000000000000000000000000160420130000000000501670000000000000005992                                    00                
0330001300005J00035693567000000270060689070323410000005586930DISTRIBUIDORA AUTOMOTIVA S.A. 16042013000000000027006000000000000000000000000000000160420130000000000270060000000000000005993                                    00                
0330001300006J00000199567000000829900000001603012003101235617DISTRIBUIDORA AUTOMOTIVA S.A. 16042013000000000082990000000000000000000000000000000160420130000000000829900000000000000005994                                    00                
0330001300007J00000198567000000373960000001603012003101235517DISTRIBUIDORA AUTOMOTIVA S.A. 16042013000000000037396000000000000000000000000000000160420130000000000373960000000000000005995                                    00                
0330001300008J00000196567000000261600000001603012003101233217DISTRIBUIDORA AUTOMOTIVA S.A. 16042013000000000026160000000000000000000000000000000160420130000000000261600000000000000005996                                    00                
0330001300009J00034191567000000074801129119574242938000052000EATON LTDA                    16042013000000000007480000000000000000000000000000000160420130000000000074800000000000000005997                                    00                
0330001300010J00034191567000000230931129572646102938000052000EATON LTDA                    16042013000000000023093000000000000000000000000000000160420130000000000230930000000000000005998                                    00                
0330001300011J00034191567000000339491128465836002938107808000ELIVEL AUTOMOTORES LTDA       16042013000000000033949000000000000000000000000000000160420130000000000339490000000000000005999                                    00                
0330001300012J00039994567000000318251770411807404570524809001F CONFUORTO IND COM PCS LTDA  16042013000000000031825000000000000000000000000000000160420130000000000318250000000000000006000                                    00                
0330001300013J00034191567000000914091127851223370046365078000FELICIO VIGORITO FILHOS LTDA  16042013000000000091409000000000000000000000000000000160420130000000000914090000000000000006001                                    00                
0330001300014J00034195567000000191901090304790680109276204000GIRANDO COMERCIO DE PECAS LTDA16042013000000000019190000000000000000000000000000000160420130000000000191900000000000000006002                                    00                
0330001300015J00000198567000007724250000001514623445830014311HAIRAM IND E COM DE AUTOPECAS 16042013000000000772425000000000000000000000000000000160420130000000007724250000000000000006003                                    00                
0330001300016J00034196567000001256401561864450693171011202000HIDRAULICA VIC IM CO EQ HI LTD16042013000000000125640000000000000000000000000000000160420130000000001256400000000000000006004                                    00                
0330001300017J00000191567000002273830444701458001790000407011HSBOND INDUSTRIA COMERCIO IMP.16042013000000000227383000000000000000000000000000000160420130000000002273830000000000000006005                                    00                
0330001300018J00034193567000000128131090000664428052016014000IRMAOS FERRETI E CIA LTDA     16042013000000000012813000000000000000000000000000000160420130000000000128130000000000000006006                                    00                
0330001300019J00034191567000000433701090010494742938050420000ITA PECAS PARA VEIC COM E SERV16042013000000000043370000000000000000000000000000000160420130000000000433700000000000000006007                                    00                
0330001300020J00034191567000000266701090011217452938050420000ITA PECAS PARA VEIC COM E SERV16042013000000000026670000000000000000000000000000000160420130000000000266700000000000000006008                                    00                
0330001300021J00023791567000001534290086093060000008200170000A FIRMA ASSESSORIA EM COBRANCA16042013000000000153429000000000000000000000000000000160420130000000001534290000000000000006009                                    00                
0330001300022J00023792567000001484143372091130920541500731020MAGGI AUTOMOVEIS LTDA         16042013000000000148414000000000000000000000000000000160420130000000001484140000000000000006010                                    00                
0330001300023J00039997567000004547771772075568806491109651001MASA COMERCIAL E LOGISTICA DE 16042013000000000454777000000000000000000000000000000160420130000000004547770000000000000006011                                    00                
0330001300024J00039991567000001309952995135755105313093513001REAL MOTO PECAS LTDA          16042013000000000130995000000000000000000000000000000160420130000000001309950000000000000006012                                    00                
0330001300025J00039991567000004218982995131677405313093513001REAL MOTO PECAS LTDA          16042013000000000421898000000000000000000000000000000160420130000000004218980000000000000006013                                    00                
0330001300026J00039991567000000483042995153126805313093513001REAL MOTO PECAS LTDA          16042013000000000048304000000000000000000000000000000160420130000000000483040000000000000006014                                    00                
0330001300027J00039991567000000958592400523242906573205239001RODONAVES TRANSP E ENCOMENDAS 16042013000000000095859000000000000000000000000000000160420130000000000958590000000000000006015                                    00                
0330001300028J00000193567000003369490000001514623445830014211HAIRAM IND E COM DE AUTOPECAS 16042013000000000336949000000000000000000000000000000160420130000000003369490000000000000006020                                    00                
03300015         000030000000000004009311000000000000000000                                                                                                                                                                                     
03300021C2011010 205437537000137003300650049002805030006550000480000414 AUTO GERAL DE ITU LTDA                                                AV DR OCTAVIANO PEREIRA MENDES01333               ITU                 13301000SP                  
0330002300001O00084840000007081000899999929999998441655741892NEXTEL TELECOMUNICACOES LTDA  16042013160420130000000000708106016                                                                                                                  
0330002300002B   000000000000000                              00000                                                  00000000  160420130000000000000000000000000000000000000000000000000000000000000000000000000000              0000000        
0330002300003O00084800000004856900899999909999998435987501892NEXTEL TELECOMUNICACOES LTDA  16042013160420130000000000485696017                                                                                                                  
0330002300004B   000000000000000                              00000                                                  00000000  160420130000000000000000000000000000000000000000000000000000000000000000000000000000              0000000        
0330002300005O00084850000012330000899999989999998434335601892NEXTEL TELECOMUNICACOES LTDA  16042013160420130000000001233006018                                                                                                                  
0330002300006B   000000000000000                              00000                                                  00000000  160420130000000000000000000000000000000000000000000000000000000000000000000000000000              0000000        
0330002300007O00083640000001834001103003105813770210005915431CIA PIRATININGA DE FORCA E LUZ16042013160420130000000000183406019                                                                                                                  
0330002300008B   000000000000000                              00000                                                  00000000  160420130000000000000000000000000000000000000000000000000000000000000000000000000000              0000000        
03300025         000010000000000000261019                                                                                                                                                                                                       
03399999         000002000042                                                                                                                                                                                                                   
