03300000         2054375370001370033006500490028050300065 0000480000414 AUTO GERAL DE ITU LTDA        BANCO SANTANDER                         11501201310443800007506000000                                        G4016PF00528               G4
03300011C2003031 2054375370001370033006500490028050300065 0000480000414 AUTO GERAL DE ITU LTDA                                                AV DR OCTAVIANO PEREIRA MENDES01333               ITU                 13301000SP                  
0330001300001A0007000010154660000002050374 GERAL PARTS COM PECAS E ABRASI2905                15012013BRL000000000000000000000000003078                    00000000000000000000000                                        07          0          
0330001300002B   252472438000176                              00000                                                  00000000  150120130000000000030780000000000000000000000000000000000000000000000000000000000000000           00000          
0330001300003A0007003410027800000000439302 BRASIL KIRIN IND DE BEBIDAS LT2906                15012013BRL000000000000000000000000020068                    00000000000000000000000                                        07          0          
0330001300004B   250221019000136                              00000                                                  00000000  150120130000000000200680000000000000000000000000000000000000000000000000000000000000000           00000          
03300015         000006000000000000023146000000000000000000                                                                                                                                                                                     
03300021C2030030 205437537000137003300650049002805030006550000480000414 AUTO GERAL DE ITU LTDA                                                AV DR OCTAVIANO PEREIRA MENDES01333               ITU                 13301000SP                  
0330002300001J00003392557900001596009128344800001000366780101RADIO CIDADE DE ITU LTDA      15012013000000000159600000000000000000000000000000000150120130000000001596000000000000000002896                                    00                
03300025         000003000000000000159600000000000000000000                                                                                                                                                                                     
03300031C2031030 205437537000137003300650049002805030006550000480000414 AUTO GERAL DE ITU LTDA                                                AV DR OCTAVIANO PEREIRA MENDES01333               ITU                 13301000SP                  
0330003300001J00034198557900000864601127045517310009330481000ADERE PRODUTOS AUTO ADESIVOS L15012013000000000086460000000000000000000000000000000150120130000000000864600000000000000002876                                    00                
0330003300002J00000194557900000394000442641941119140000100711CDMD COM DE VEICULOS AUTOMOTOR15012013000000000039400000000000000000000000000000000150120130000000000394000000000000000002877                                    00                
0330003300003J00023792557900000303253262090000033202900935470COMDIP COMERCIAL DISTR DE PECA15012013000000000030325000000000000000000000000000000150120130000000000303250000000000000002878                                    00                
0330003300004J00034199557900000346341127177508742938036635000DAYCO POWER TRANSMISSION      15012013000000000034634000000000000000000000000000000150120130000000000346340000000000000002879                                    00                
0330003300005J00034191557900000373161090007748092938050420000ITA PECAS PARA VEIC COM E SERV15012013000000000037316000000000000000000000000000000150120130000000000373160000000000000002880                                    00                
0330003300006J00023791557900000378801911092347000001400178030LNG IMP EXP DE AUTOPECAS LTDA 15012013000000000037880000000000000000000000000000000150120130000000000378800000000000000002881                                    00                
0330003300007J00023792557900000378801911092353000002700178030LNG IMP EXP DE AUTOPECAS LTDA 15012013000000000037880000000000000000000000000000000150120130000000000378800000000000000002882                                    00                
0330003300008J00023798557900000219653394090000012852000324600MORELATE DISTRIBUIDORA DE AUTO15012013000000000021965000000000000000000000000000000150120130000000000219650000000000000002883                                    00                
0330003300009J00039991557900001384222315353346605313093513001REAL MOTO PECAS LTDA          15012013000000000138422000000000000000000000000000000150120130000000001384220000000000000002884                                    00                
0330003300010J00023796557900000108243178190000018274700421050TUPER DISTRIB. PROD. METALURGI15012013000000000010824000000000000000000000000000000150120130000000000108240000000000000002885                                    00                
0330003300011J00034193557900000502111127040716152938012875000INDUSTRIAS ROMI SA            15012013000000000050211000000000000000000000000000000150120130000000000502110000000000000002886                                    00                
0330003300012J00034199557900000502111127040748172938012875000INDUSTRIAS ROMI SA            15012013000000000050211000000000000000000000000000000150120130000000000502110000000000000002887                                    00                
0330003300013J00023791557900004148812002192352000022400001270INDUSTRIAS ROMI SA            15012013000000000414881000000000000000000000000000000150120130000000004148810000000000000002888                                    00                
0330003300014J00023791557900004148812002192352000036200001270INDUSTRIAS ROMI SA            15012013000000000414881000000000000000000000000000000150120130000000004148810000000000000002889                                    00                
0330003300015J00034192557900009418521090001244440076635200000TV ALIANCA PAULISTA SA        15012013000000000941852000000000000000000000000000000150120130000000009418520000000000000002890                                    00                
0330003300016J00034193557900002720001090001244360076635200000TV ALIANCA PAULISTA SA        15012013000000000272000000000000000000000000000000000150120130000000002720000000000000000002891                                    00                
0330003300017J00034195557900002354631571120203030513635268000OPPORTUNITY COMUN MARK LTDA   15012013000000000235463000000000000000000000000000000150120130000000002354630000000000000002892                                    00                
0330003300018J00034198557900000581861571120266560513635268000OPPORTUNITY COMUN MARK LTDA   15012013000000000058186000000000000000000000000000000150120130000000000581860000000000000002893                                    00                
0330003300019J00034198557900000680001571119867770513635268000OPPORTUNITY COMUN MARK LTDA   15012013000000000068000000000000000000000000000000000150120130000000000680000000000000000002894                                    00                
0330003300020J00023791557900002327433384060000011340103001430TV RECORD DE BAURU LTDA       15012013000000000232743000000000000000000000000000000150120130000000002327430000000000000002895                                    00                
0330003300021J00034197000000000496391750447695502938010580000EMPRESA BRASILEIRA DE TELECOMU15012013000000000049639000000000000000000000000000000150120130000000000496390000000000000002897                                    00                
03300035         000023000000000003263173000000000000000000                                                                                                                                                                                     
03300041C2011010 205437537000137003300650049002805030006550000480000414 AUTO GERAL DE ITU LTDA                                                AV DR OCTAVIANO PEREIRA MENDES01333               ITU                 13301000SP                  
0330004300001O00081790000000422521482013011521480001085621212PM ITU                        15012013150120130000000000042252903                                                                                                                  
0330004300002B   000000000000000                              00000                                                  00000000  150120130000000000000000000000000000000000000000000000000000000000000000000000000000              0000000        
0330004300003O00081760000001525121482013011521480001085551212PM ITU                        15012013150120130000000000152512904                                                                                                                  
0330004300004B   000000000000000                              00000                                                  00000000  150120130000000000000000000000000000000000000000000000000000000000000000000000000000              0000000        
03300045         000006000000000000019476                                                                                                                                                                                                       
03300051C2011010 205437537000137003300650049002805030006550000480000414 AUTO GERAL DE ITU LTDA                                                AV DR OCTAVIANO PEREIRA MENDES01333               ITU                 13301000SP                  
0330005300001O00085600000000769900253038760423220603000044513SEFAZ SP IPVA                 15012013150120130000000000076992898                                                                                                                  
0330005300002B   000000000000000                              00000                                                  00000000  150120130000000000000000000000000000000000000000000000000000000000000000000000000000              0000000        
0330005300003O00085670000000826400253038760503226203000044513SEFAZ SP IPVA                 15012013150120130000000000082642899                                                                                                                  
0330005300004B   000000000000000                              00000                                                  00000000  150120130000000000000000000000000000000000000000000000000000000000000000000000000000              0000000        
0330005300005O00085670000000935200253066950511092483000044513SEFAZ SP IPVA                 15012013150120130000000000093522900                                                                                                                  
0330005300006B   000000000000000                              00000                                                  00000000  150120130000000000000000000000000000000000000000000000000000000000000000000000000000              0000000        
0330005300007O00085690000000954400253066950523057893000044513SEFAZ SP IPVA                 15012013150120130000000000095442901                                                                                                                  
0330005300008B   000000000000000                              00000                                                  00000000  150120130000000000000000000000000000000000000000000000000000000000000000000000000000              0000000        
0330005300009O00085660000005301200253038760518063783000044513SEFAZ SP IPVA                 15012013150120130000000000530122902                                                                                                                  
0330005300010B   000000000000000                              00000                                                  00000000  150120130000000000000000000000000000000000000000000000000000000000000000000000000000              0000000        
03300055         000012000000000000087871                                                                                                                                                                                                       
03399999         000005000052                                                                                                                                                                                                                   
