03300000         2054375370001370033006500490028050300065 0000480000414 AUTO GERAL DE ITU LTDA        BANCO SANTANDER                         11601201310005300007606000000                                        G4016PF00528               G4
03300011C2003031 2054375370001370033006500490028050300065 0000480000414 AUTO GERAL DE ITU LTDA                                                AV DR OCTAVIANO PEREIRA MENDES01333               ITU                 13301000SP                  
0330001300001A0007002370339440000000039721 DE NIGRIS DISTRIBUIDORA DE VEI2931                16012013BRL000000000000000000000000021566                    00000000000000000000000                                        07          0          
0330001300002B   261591459000100                              00000                                                  00000000  160120130000000000215660000000000000000000000000000000000000000000000000000000000000000           00000          
0330001300003A0007002370339440000000039721 DE NIGRIS DISTRIBUIDORA DE VEI2932                16012013BRL000000000000000000000000032924                    00000000000000000000000                                        07          0          
0330001300004B   261591459000100                              00000                                                  00000000  160120130000000000329240000000000000000000000000000000000000000000000000000000000000000           00000          
0330001300005A0007002370339440000000039721 DE NIGRIS DISTRIBUIDORA DE VEI2933                16012013BRL000000000000000000000000014784                    00000000000000000000000                                        07          0          
0330001300006B   261591459000100                              00000                                                  00000000  160120130000000000147840000000000000000000000000000000000000000000000000000000000000000           00000          
0330001300007A0007002370339440000000039721 DE NIGRIS DISTRIBUIDORA DE VEI2934                16012013BRL000000000000000000000000212841                    00000000000000000000000                                        07          0          
0330001300008B   261591459000100                              00000                                                  00000000  160120130000000002128410000000000000000000000000000000000000000000000000000000000000000           00000          
03300015         000010000000000000282115000000000000000000                                                                                                                                                                                     
03300021C2030030 205437537000137003300650049002805030006550000480000414 AUTO GERAL DE ITU LTDA                                                AV DR OCTAVIANO PEREIRA MENDES01333               ITU                 13301000SP                  
0330002300001J00003392558000000496689173505500000006043990203BODIPASA BOMBAS DIESEL PAULIST16012013000000000049668000000000000000000000000000000160120130000000000496680000000000000002909                                    00                
0330002300002J00003391558000001058809513931700000103754570101DISTRIBUIDORA AUTOMOTIVA S/A  16012013000000000105880000000000000000000000000000000160120130000000001058800000000000000002915                                    00                
03300025         000004000000000000155548000000000000000000                                                                                                                                                                                     
03300031C2031030 205437537000137003300650049002805030006550000480000414 AUTO GERAL DE ITU LTDA                                                AV DR OCTAVIANO PEREIRA MENDES01333               ITU                 13301000SP                  
0330003300001J00039995558000000578891766845199311960078237001BAP AUTOMOTIVA LTDA           16012013000000000057889000000000000000000000000000000160120130000000000578890000000000000002907                                    00                
0330003300002J00034192558000001354001126364504991248021303000BANCO FIBRA SA                16012013000000000135400000000000000000000000000000000160120130000000001354000000000000000002908                                    00                
0330003300003J00034191558000000029501126997136760076000777000CENTER PECAS FABBRI LTDA      16012013000000000002950000000000000000000000000000000160120130000000000029500000000000000002910                                    00                
0330003300004J00034193558000000016701126997136430076000777000CENTER PECAS FABBRI LTDA      16012013000000000001670000000000000000000000000000000160120130000000000016700000000000000002911                                    00                
0330003300005J00034191558000000610001126997136500076000777000CENTER PECAS FABBRI LTDA      16012013000000000061000000000000000000000000000000000160120130000000000610000000000000000002912                                    00                
0330003300006J00035698558000000213860689070323410000004897387DISTRIBUIDORA AUTOMOTIVA S/A  16012013000000000021386000000000000000000000000000000160120130000000000213860000000000000002913                                    00                
0330003300007J00035691558000000400500689070323430000004897369DISTRIBUIDORA AUTOMOTIVA S/A  16012013000000000040050000000000000000000000000000000160120130000000000400500000000000000002914                                    00                
0330003300008J00034193558000000051961127179647492938000052000EATON LTDA                    16012013000000000005196000000000000000000000000000000160120130000000000051960000000000000002916                                    00                
0330003300009J00034191558000000248431127105073620548006287000ELETROPAR AUTOPECAS LTDA      16012013000000000024843000000000000000000000000000000160120130000000000248430000000000000002917                                    00                
0330003300010J00034191558000006449641127293184622938017569000FRAS-LE S/A                   16012013000000000644964000000000000000000000000000000160120130000000006449640000000000000002918                                    00                
0330003300011J00034191558000008266321127293184542938017569000FRAS-LE S/A                   16012013000000000826632000000000000000000000000000000160120130000000008266320000000000000002919                                    00                
0330003300012J00034193558000000469001126945301090384625000000PECAS AUTOMOTIVAS ZEENE LTDA  16012013000000000046900000000000000000000000000000000160120130000000000469000000000000000002920                                    00                
0330003300013J00023796558000007442240104093014000001202773500PLATANUS AUTOPECAS LTDA       16012013000000000744224000000000000000000000000000000160120130000000007442240000000000000002921                                    00                
0330003300014J00023795558000000302290545090000031011800705060TONINI DISTRIBUIDORA LTDA     16012013000000000030229000000000000000000000000000000160120130000000000302290000000000000002922                                    00                
0330003300015J00039996558000000990512400457987506573205239001RODONAVES TRANSP E ENCOMENDAS 16012013000000000099051000000000000000000000000000000160120130000000000990510000000000000002923                                    00                
0330003300016J00039993558000000146672400457988306573205239001RODONAVES TRANSP E ENCOMENDAS 16012013000000000014667000000000000000000000000000000160120130000000000146670000000000000002924                                    00                
0330003300017J00039997558000000027963512576000000036521301632RODONAVES TRANSP E ENCOMENDAS 16012013000000000002796000000000000000000000000000000160120130000000000027960000000000000002925                                    00                
03300035         000019000000000002759847000000000000000000                                                                                                                                                                                     
03300041C2011010 205437537000137003300650049002805030006550000480000414 AUTO GERAL DE ITU LTDA                                                AV DR OCTAVIANO PEREIRA MENDES01333               ITU                 13301000SP                  
0330004300001O00083640000002124801103002700051170210005915431CIA PIRATININGA DE FORCA E LUZ16012013160120130000000000212482930                                                                                                                  
0330004300002B   000000000000000                              00000                                                  00000000  160120130000000000000000000000000000000000000000000000000000000000000000000000000000              0000000        
03300045         000004000000000000021248                                                                                                                                                                                                       
03300051C2011010 205437537000137003300650049002805030006550000480000414 AUTO GERAL DE ITU LTDA                                                AV DR OCTAVIANO PEREIRA MENDES01333               ITU                 13301000SP                  
0330005300001O00085690000000769900253038760423220604000044513SEFAZ SP IPVA                 16012013160120130000000000076992926                                                                                                                  
0330005300002B   000000000000000                              00000                                                  00000000  160120130000000000000000000000000000000000000000000000000000000000000000000000000000              0000000        
0330005300003O00085640000000741600253038760416212904000044513SEFAZ SP IPVA                 16012013160120130000000000074162927                                                                                                                  
0330005300004B   000000000000000                              00000                                                  00000000  160120130000000000000000000000000000000000000000000000000000000000000000000000000000              0000000        
0330005300005O00085660000000935200253066950511092484000044513SEFAZ SP IPVA                 16012013160120130000000000093522928                                                                                                                  
0330005300006B   000000000000000                              00000                                                  00000000  160120130000000000000000000000000000000000000000000000000000000000000000000000000000              0000000        
0330005300007O00085680000000954400253066950523057894000044513SEFAZ SP IPVA                 16012013160120130000000000095442929                                                                                                                  
0330005300008B   000000000000000                              00000                                                  00000000  160120130000000000000000000000000000000000000000000000000000000000000000000000000000              0000000        
03300055         000010000000000000034011                                                                                                                                                                                                       
03399999         000005000049                                                                                                                                                                                                                   
