03300000         2054375370001370033006500490028050300065 0000480000414 AUTO GERAL DE ITU LTDA        BANCO SANTANDER                         11701201309581300007706000000                                        G4016PF00528               G4
03300011C2003031 2054375370001370033006500490028050300065 0000480000414 AUTO GERAL DE ITU LTDA                                                AV DR OCTAVIANO PEREIRA MENDES01333               ITU                 13301000SP                  
0330001300001A0007002370202810000000375551 MASTER SISTEMAS AUTOMOTIVOS LT2972                17012013BRL000000000000000000000000175044                    00000000000000000000000                                        07          0          
0330001300002B   290852914000173                              00000                                                  00000000  170120130000000001750440000000000000000000000000000000000000000000000000000000000000000           00000          
03300015         000004000000000000175044000000000000000000                                                                                                                                                                                     
03300021C2030030 205437537000137003300650049002805030006550000480000414 AUTO GERAL DE ITU LTDA                                                AV DR OCTAVIANO PEREIRA MENDES01333               ITU                 13301000SP                  
0330002300001J00003398558100000606569513931700000103764020101DISTRIBUIDORA AUTOMOTIVA S/A  17012013000000000060656000000000000000000000000000000170120130000000000606560000000000000002946                                    00                
0330002300002J00003393558100008071869537802800000000007760203SPARX IND E COM DE PECAS AUTO 17012013000000000807186000000000000000000000000000000170120130000000008071860000000000000002958                                    00                
03300025         000004000000000000867842000000000000000000                                                                                                                                                                                     
03300031C2031030 205437537000137003300650049002805030006550000480000414 AUTO GERAL DE ITU LTDA                                                AV DR OCTAVIANO PEREIRA MENDES01333               ITU                 13301000SP                  
0330003300001J00023796558100000627000154092335000002003360050ALPHA SENSORES AUTOMOTIVOS LTD17012013000000000062700000000000000000000000000000000170120130000000000627000000000000000002935                                    00                
0330003300002J00000198558100001244640441720127819140000100711CDMD COM DE VEICULOS AUTOMOTOR17012013000000000124464000000000000000000000000000000170120130000000001244640000000000000002936                                    00                
0330003300003J00034199558100000042001127198412340076000777000CENTER PECAS FABBRI LTDA      17012013000000000004200000000000000000000000000000000170120130000000000042000000000000000002937                                    00                
0330003300004J00034191558100000384001127149286890076000777000CENTER PECAS FABBRI LTDA      17012013000000000038400000000000000000000000000000000170120130000000000384000000000000000002938                                    00                
0330003300005J00034197558100000047501127149286710076000777000CENTER PECAS FABBRI LTDA      17012013000000000004750000000000000000000000000000000170120130000000000047500000000000000002939                                    00                
0330003300006J00034192558100000083501127149286550076000777000CENTER PECAS FABBRI LTDA      17012013000000000008350000000000000000000000000000000170120130000000000083500000000000000002940                                    00                
0330003300007J00034193558100000108501127198412260076000777000CENTER PECAS FABBRI LTDA      17012013000000000010850000000000000000000000000000000170120130000000000108500000000000000002941                                    00                
0330003300008J00023792558100002702563397093004000001200008840CINDUMEL CIA IND DE METAIS E L17012013000000000270256000000000000000000000000000000170120130000000002702560000000000000002942                                    00                
0330003300009J00023795558100001483663397093004000001300008840CINDUMEL CIA IND DE METAIS E L17012013000000000148366000000000000000000000000000000170120130000000001483660000000000000002943                                    00                
0330003300010J00023791558100000937812002061301391595100829680COMERCIAL AUTOMOTIVA S.A.     17012013000000000093781000000000000000000000000000000170120130000000000937810000000000000002944                                    00                
0330003300011J00035698558100000397420689070323490000004897553DISTRIBUIDORA AUTOMOTIVA S/A  17012013000000000039742000000000000000000000000000000170120130000000000397420000000000000002945                                    00                
0330003300012J00035698558100000228010689070323470000004897696DISTRIBUIDORA AUTOMOTIVA S/A  17012013000000000022801000000000000000000000000000000170120130000000000228010000000000000002947                                    00                
0330003300013J00035691558100000229800689070323470000004897548DISTRIBUIDORA AUTOMOTIVA S/A  17012013000000000022980000000000000000000000000000000170120130000000000229800000000000000002948                                    00                
0330003300014J00035692558100000170400689070323460000004897671DISTRIBUIDORA AUTOMOTIVA S/A  17012013000000000017040000000000000000000000000000000170120130000000000170400000000000000002949                                    00                
0330003300015J00023793558100000318640138092341000004401370000BBL SISTEMAS OPERACIONAIS LTDA17012013000000000031864000000000000000000000000000000170120130000000000318640000000000000002950                                    00                
0330003300016J00034191558100000161431125094844682938000052000EATON LTDA                    17012013000000000016143000000000000000000000000000000170120130000000000161430000000000000002951                                    00                
0330003300017J00034194558100000220571127094818352938107808000ELIVEL AUTOMOTORES LTDA       17012013000000000022057000000000000000000000000000000170120130000000000220570000000000000002952                                    00                
0330003300018J00034191558100000170071090304320340109276204000GIRANDO COMERCIO DE PECAS LTDA17012013000000000017007000000000000000000000000000000170120130000000000170070000000000000002953                                    00                
0330003300019J00023798558100000160303371023004000007600001630NEW TRADE FOMENTO MERCANTIL LT17012013000000000016030000000000000000000000000000000170120130000000000160300000000000000002954                                    00                
0330003300020J00023799558100001274723371023004000007700001630NEW TRADE FOMENTO MERCANTIL LT17012013000000000127472000000000000000000000000000000170120130000000001274720000000000000002955                                    00                
0330003300021J00000199558100002542130443476594734280000630911JOFUND S/A                    17012013000000000254213000000000000000000000000000000170120130000000002542130000000000000002956                                    00                
0330003300022J00000192558100001669330443476595034280000630911JOFUND S/A                    17012013000000000166933000000000000000000000000000000170120130000000001669330000000000000002957                                    00                
0330003300023J00023798558100000600000136092356000001101269910MEMORIAL COMERCIO DE PECAS LTD17012013000000000060000000000000000000000000000000000170120130000000000600000000000000000002959                                    00                
0330003300024J00023796558100007331002500090256569650300000340ODAPEL DISTRIBUIDORA DE AUTO P17012013000000000733100000000000000000000000000000000170120130000000007331000000000000000002960                                    00                
0330003300025J00023799558100001473692500090256569646000000340ODAPEL DISTRIBUIDORA DE AUTO P17012013000000000147369000000000000000000000000000000170120130000000001473690000000000000002961                                    00                
0330003300026J00039999558100001112802696548918404540096965001PELLEGRINO DISTRIBUIDORA DE AU17012013000000000111280000000000000000000000000000000170120130000000001112800000000000000002962                                    00                
0330003300027J00023798558100002275303395061180232861700028140ROCHESTER DISTRIBUIDORA DE AUT17012013000000000227530000000000000000000000000000000170120130000000002275300000000000000002963                                    00                
0330003300028J00023791558100000202133395090000005183900650000SORANA SUL                    17012013000000000020213000000000000000000000000000000170120130000000000202130000000000000002964                                    00                
0330003300029J00023798558100000210313395090000005177700650000SORANA SUL                    17012013000000000021031000000000000000000000000000000170120130000000000210310000000000000002965                                    00                
0330003300030J00023795558100001168354130074130006229900050880SOUZA RAMOS COM E IMP LTDA    17012013000000000116835000000000000000000000000000000170120130000000001168350000000000000002966                                    00                
0330003300031J00000197558100000091328336199948409700000127018ALARMAQ EQTOS DE SEGURANCA LTD17012013000000000009132000000000000000000000000000000170120130000000000091320000000000000002967                                    00                
03300035         000033000000000002966889000000000000000000                                                                                                                                                                                     
03300041C2011010 205437537000137003300650049002805030006550000480000414 AUTO GERAL DE ITU LTDA                                                AV DR OCTAVIANO PEREIRA MENDES01333               ITU                 13301000SP                  
0330004300001O00085680000000688700253038760410232195000044513SEFAZ SP IPVA                 17012013170120130000000000068872968                                                                                                                  
0330004300002B   000000000000000                              00000                                                  00000000  170120130000000000000000000000000000000000000000000000000000000000000000000000000000              0000000        
0330004300003O00085650000000935200253066950511092485000044513SEFAZ SP IPVA                 17012013170120130000000000093522969                                                                                                                  
0330004300004B   000000000000000                              00000                                                  00000000  170120130000000000000000000000000000000000000000000000000000000000000000000000000000              0000000        
0330004300005O00085680000002381500253066950406109195000044513SEFAZ SP IPVA                 17012013170120130000000000238152970                                                                                                                  
0330004300006B   000000000000000                              00000                                                  00000000  170120130000000000000000000000000000000000000000000000000000000000000000000000000000              0000000        
0330004300007O00085670000005327400253038760518063785000044513SEFAZ SP IPVA                 17012013170120130000000000532742971                                                                                                                  
0330004300008B   000000000000000                              00000                                                  00000000  170120130000000000000000000000000000000000000000000000000000000000000000000000000000              0000000        
03300045         000010000000000000093328                                                                                                                                                                                                       
03399999         000004000053                                                                                                                                                                                                                   
