03300000         2054375370001370033006500490028050300065 0000480000414 AUTO GERAL DE ITU LTDA        BANCO SANTANDER                         11712201209380300005406000000                                        G4016PF00528               G4
03300011C2003031 2054375370001370033006500490028050300065 0000480000414 AUTO GERAL DE ITU LTDA                                                AV DR OCTAVIANO PEREIRA MENDES01333               ITU                 13301000SP                  
0330001300001A0000183410016800000000435800 MEGA FREIOS DISTR E SERVS P/ V1938                17122012BRL000000000000000000000001157004                    00000000000000000000000                                        07          0          
0330001300002B   205197228000137                              00000                                                  00000000  171220120000000011570040000000000000000000000000000000000000000000000000000000000000000           00000          
0330001300003A0007002370219970000000203335 JBI COMERCIAL DE PLASTICOS REF1940                17122012BRL000000000000000000000000040800                    00000000000000000000000                                        07          0          
0330001300004B   208308229000108                              00000                                                  00000000  171220120000000000408000000000000000000000000000000000000000000000000000000000000000000           00000          
03300015         000006000000000001197804000000000000000000                                                                                                                                                                                     
03300021C2030030 205437537000137003300650049002805030006550000480000414 AUTO GERAL DE ITU LTDA                                                AV DR OCTAVIANO PEREIRA MENDES01333               ITU                 13301000SP                  
0330002300001J00003392555000001405449421871000000000106230104AUTIMEX COM IMPORTACAO E EXPOR17122012000000000140544000000000000000000000000000000171220120000000001405440000000000000001875                                    00                
0330002300002J00003396555000000201729513931700000103531190101DISTRIBUIDORA AUTOMOTIVA S/A  17122012000000000020172000000000000000000000000000000171220120000000000201720000000000000001888                                    00                
0330002300003J00003394555000000184829513931700000103534020101DISTRIBUIDORA AUTOMOTIVA S/A  17122012000000000018482000000000000000000000000000000171220120000000000184820000000000000001889                                    00                
0330002300004J00003393554800000120009379815100000000139270101INDA FIRE EQTOS DE COMBATE A I15122012000000000012000000000000000000000000000000000171220120000000000120000000000000000001913                                    00                
0330002300005J00003393554800001625009126436200000010108080102NOVA RADIO REGIONAL LTDA      15122012000000000162500000000000000000000000000000000171220120000000001625000000000000000001914                                    00                
0330002300006J00003391554800001596009128344800001000363500101RADIO CIDADE DE ITU LTDA      15122012000000000159600000000000000000000000000000000171220120000000001596000000000000000001915                                    00                
03300025         000008000000000000513298000000000000000000                                                                                                                                                                                     
03300031C2031030 205437537000137003300650049002805030006550000480000414 AUTO GERAL DE ITU LTDA                                                AV DR OCTAVIANO PEREIRA MENDES01333               ITU                 13301000SP                  
0330003300001J00034191554800000021811125192440272938000052000EATON LTDA                    15122012000000000002181000000000000000000000000000000171220120000000000021810000000000000001849                                    00                
0330003300002J00034196554800000825761125192436312938000052000EATON LTDA                    15122012000000000082576000000000000000000000000000000171220120000000000825760000000000000001850                                    00                
0330003300003J00034191554800014205021126515317515574053863000FAROL FOMENTO MERCANTIL LTDA  15122012000000001420502000000000000000000000000000000171220120000000014205020000000000000001851                                    00                
0330003300004J00023796554800003468192500090256568281100000340ODAPEL DISTRIBUIDORA DE AUTO P15122012000000000346819000000000000000000000000000000171220120000000003468190000000000000001852                                    00                
0330003300005J00023791554800000238882500090256568302400000340ODAPEL DISTRIBUIDORA DE AUTO P15122012000000000023888000000000000000000000000000000171220120000000000238880000000000000001853                                    00                
0330003300006J00023791554800000644442500090256568314100000340ODAPEL DISTRIBUIDORA DE AUTO P15122012000000000064444000000000000000000000000000000171220120000000000644440000000000000001854                                    00                
0330003300007J00023796554800001411102500090256568281000000340ODAPEL DISTRIBUIDORA DE AUTO P15122012000000000141110000000000000000000000000000000171220120000000001411100000000000000001855                                    00                
0330003300008J00023798554800000888533395061180232841100028140ROCHESTER DISTRIBUIDORA DE AUT15122012000000000088853000000000000000000000000000000171220120000000000888530000000000000001856                                    00                
0330003300009J00023793554800000785040545090000029912500705060TONINI DISTRIBUIDORA LTDA     15122012000000000078504000000000000000000000000000000171220120000000000785040000000000000001857                                    00                
0330003300010J00034196554900000028001125925697610076000777000CENTER PECAS FABBRI LTDA      16122012000000000002800000000000000000000000000000000171220120000000000028000000000000000001858                                    00                
0330003300011J00034191554900000053001125925697380076000777000CENTER PECAS FABBRI LTDA      16122012000000000005300000000000000000000000000000000171220120000000000053000000000000000001859                                    00                
0330003300012J00034191554900000118001125925697530076000777000CENTER PECAS FABBRI LTDA      16122012000000000011800000000000000000000000000000000171220120000000000118000000000000000001860                                    00                
0330003300013J00034195554900000234001125925696880076000777000CENTER PECAS FABBRI LTDA      16122012000000000023400000000000000000000000000000000171220120000000000234000000000000000001861                                    00                
0330003300014J00034197554900000226001125925696960076000777000CENTER PECAS FABBRI LTDA      16122012000000000022600000000000000000000000000000000171220120000000000226000000000000000001862                                    00                
0330003300015J00034196554900000383861125632868412938000052000EATON LTDA                    16122012000000000038386000000000000000000000000000000171220120000000000383860000000000000001863                                    00                
0330003300016J00034194554900000094271125274931292938000052000EATON LTDA                    16122012000000000009427000000000000000000000000000000171220120000000000094270000000000000001864                                    00                
0330003300017J00034191554900000138681125274931372938000052000EATON LTDA                    16122012000000000013868000000000000000000000000000000171220120000000000138680000000000000001865                                    00                
0330003300018J00034191554900000112541125632879302938000052000EATON LTDA                    16122012000000000011254000000000000000000000000000000171220120000000000112540000000000000001866                                    00                
0330003300019J00034199554900000373171090007747912938050420000ITA PECAS PARA VEIC COM E SERV16122012000000000037317000000000000000000000000000000171220120000000000373170000000000000001867                                    00                
0330003300020J00023791554900000219653394090000012851900324600MORELATE DISTRIBUIDORA DE AUTO16122012000000000021965000000000000000000000000000000171220120000000000219650000000000000001868                                    00                
0330003300021J00023793554900000322193394090000012839900324600MORELATE DISTRIBUIDORA DE AUTO16122012000000000032219000000000000000000000000000000171220120000000000322190000000000000001869                                    00                
0330003300022J00023795554900000236812500090256568385500000340ODAPEL DISTRIBUIDORA DE AUTO P16122012000000000023681000000000000000000000000000000171220120000000000236810000000000000001870                                    00                
0330003300023J00034196554900000521501125009797300384625000000PECAS AUTOMOTIVAS ZEENE LTDA  16122012000000000052150000000000000000000000000000000171220120000000000521500000000000000001871                                    00                
0330003300024J00039996554900000510242315311588505313093513001REAL MOTO PECAS LTDA          16122012000000000051024000000000000000000000000000000171220120000000000510240000000000000001872                                    00                
0330003300025J00023799554900000330013395061180232842700028140ROCHESTER DISTRIBUIDORA DE AUT16122012000000000033001000000000000000000000000000000171220120000000000330010000000000000001873                                    00                
0330003300026J00000197554900002914670000001148003000007003717VESPOR AUTOMOTIVE DIST DE AUTO16122012000000000291467000000000000000000000000000000171220120000000002914670000000000000001874                                    00                
0330003300027J00039999555000000158931765152514411960078237001BAP AUTOMOTIVA LTDA           17122012000000000015893000000000000000000000000000000171220120000000000158930000000000000001876                                    00                
0330003300028J00023799555000000476843392022327000034701078260MF CAMBUCI DISTR DE AUTOPECAS 17122012000000000047684000000000000000000000000000000171220120000000000476840000000000000001877                                    00                
0330003300029J00000196555000000397811823850324529130010401917CAMPINAS DIESEL LTDA          17122012000000000039781000000000000000000000000000000171220120000000000397810000000000000001878                                    00                
0330003300030J00039991555000000268941764696731704061860231001CAR CENTRAL DE AUTOPECAS E ROL17122012000000000026894000000000000000000000000000000171220120000000000268940000000000000001879                                    00                
0330003300031J00039998555000000424891764696734104061860231001CAR CENTRAL DE AUTOPECAS E ROL17122012000000000042489000000000000000000000000000000171220120000000000424890000000000000001880                                    00                
0330003300032J00039999555000000794741764696771604061860231001CAR CENTRAL DE AUTOPECAS E ROL17122012000000000079474000000000000000000000000000000171220120000000000794740000000000000001881                                    00                
0330003300033J00000193555000000394000442641941019140000100711CDMD COM DE VEICULOS AUTOMOTOR17122012000000000039400000000000000000000000000000000171220120000000000394000000000000000001882                                    00                
0330003300034J00000192555000005195894584341693100370004790718DB DISTRIBUIDORA DE BATERIAS L17122012000000000519589000000000000000000000000000000171220120000000005195890000000000000001883                                    00                
0330003300035J00000191555000000322804584341693000370004790718DB DISTRIBUIDORA DE BATERIAS L17122012000000000032280000000000000000000000000000000171220120000000000322800000000000000001884                                    00                
0330003300036J00034191555000000280401090019557901012930309000DECAR AUTOPECAS LTDA          17122012000000000028040000000000000000000000000000000171220120000000000280400000000000000001885                                    00                
0330003300037J00000195555000000839000000001563680000002948117DIRECOES HIDRAULICAS LONDRINA 17122012000000000083900000000000000000000000000000000171220120000000000839000000000000000001886                                    00                
0330003300038J00035695555000000207740689070323480000004893736DISTRIBUIDORA AUTOMOTIVA S/A  17122012000000000020774000000000000000000000000000000171220120000000000207740000000000000001887                                    00                
0330003300039J00035696555000000258500689070323400000004893684DISTRIBUIDORA AUTOMOTIVA S/A  17122012000000000025850000000000000000000000000000000171220120000000000258500000000000000001890                                    00                
0330003300040J00034191555000000276001125274942832938000052000EATON LTDA                    17122012000000000027600000000000000000000000000000000171220120000000000276000000000000000001891                                    00                
0330003300041J00034194555000000065131125274957692938000052000EATON LTDA                    17122012000000000006513000000000000000000000000000000171220120000000000065130000000000000001892                                    00                
0330003300042J00034192555000000466381126110895442938000052000EATON LTDA                    17122012000000000046638000000000000000000000000000000171220120000000000466380000000000000001893                                    00                
0330003300043J00034193555000001752631126580218552938017569000FRAS-LE S/A                   17122012000000000175263000000000000000000000000000000171220120000000001752630000000000000001894                                    00                
0330003300044J00023795555000000185003372097672307832400536350MAGGI MOTOS LTDA              17122012000000000018500000000000000000000000000000000171220120000000000185000000000000000001895                                    00                
0330003300045J00034193555000000618191124177871506676980086000NOVA DISTRIBUIDORA DE VEICULOS17122012000000000061819000000000000000000000000000000171220120000000000618190000000000000001896                                    00                
0330003300046J00023793555000000111702500090256568460500000340ODAPEL DISTRIBUIDORA DE AUTO P17122012000000000011170000000000000000000000000000000171220120000000000111700000000000000001897                                    00                
0330003300047J00023797555000001406972500090256568419500000340ODAPEL DISTRIBUIDORA DE AUTO P17122012000000000140697000000000000000000000000000000171220120000000001406970000000000000001898                                    00                
0330003300048J00023793555000000422702500090256568417500000340ODAPEL DISTRIBUIDORA DE AUTO P17122012000000000042270000000000000000000000000000000171220120000000000422700000000000000001899                                    00                
0330003300049J00039998555000000432878144666448404540096965001PELLEGRINO DISTRIBUIDORA DE AU17122012000000000043287000000000000000000000000000000171220120000000000432870000000000000001900                                    00                
0330003300050J00023799555000000233323484092291000014301129000PETRONAS LUBRIFICANTES BRASIL 17122012000000000023332000000000000000000000000000000171220120000000000233320000000000000001901                                    00                
0330003300051J00034191555000002477671126513817440191074004000POLIPECAS COMERCIAL E IMPORTAD17122012000000000247767000000000017344000000000000000171220120000000002304230000000000000001902                                    00                
0330003300052J00039994555000002295602315315685905313093513001REAL MOTO PECAS LTDA          17122012000000000229560000000000000000000000000000000171220120000000002295600000000000000001903                                    00                
0330003300053J00039996555000005599702315314970405313093513001REAL MOTO PECAS LTDA          17122012000000000559970000000000000000000000000000000171220120000000005599700000000000000001904                                    00                
0330003300054J00023791555000000770000328060000000924200026300COMERCIAL RT                  17122012000000000077000000000000000000000000000000000171220120000000000770000000000000000001905                                    00                
0330003300055J00023799555000000779453395061180232844500028140ROCHESTER DISTRIBUIDORA DE AUT17122012000000000077945000000000000000000000000000000171220120000000000779450000000000000001906                                    00                
0330003300056J00039996555000000097851764364080504540079149001BANCO SOFISA SA               17122012000000000009785000000000000000000000000000000171220120000000000097850000000000000001907                                    00                
0330003300057J00039995555000000339651764364079104540079149001BANCO SOFISA SA               17122012000000000033965000000000000000000000000000000171220120000000000339650000000000000001908                                    00                
0330003300058J00039998555000000849961764364078304540079149001BANCO SOFISA SA               17122012000000000084996000000000000000000000000000000171220120000000000849960000000000000001909                                    00                
0330003300059J00039992555000000268631764364077504540079149001BANCO SOFISA SA               17122012000000000026863000000000000000000000000000000171220120000000000268630000000000000001910                                    00                
0330003300060J00023791554800002327433384060000010300103001430TV RECORD DE BAURU LTDA       15122012000000000232743000000000000000000000000000000171220120000000002327430000000000000001911                                    00                
0330003300061J00034193555000001261001090005044980265613802000PUBLICIDADE KLIMES SAO PAULO L17122012000000000126100000000000000000000000000000000171220120000000001261000000000000000001912                                    00                
0330003300062J00023792554800002520002698091123390204000064240RADIO MODELO FM LTDA          15122012000000000252000000000000000000000000000000000171220120000000002520000000000000000001916                                    00                
0330003300063J00034194554800002720001090001227520076635200000TV ALIANCA PAULISTA SA        15122012000000000272000000000000000000000000000000000171220120000000002720000000000000000001917                                    00                
0330003300064J00034193554800009418521090001227600076635200000TV ALIANCA PAULISTA SA        15122012000000000941852000000000000000000000000000000171220120000000009418520000000000000001918                                    00                
0330003300065J00034191554800000581861570682583450513635268000OPPORTUNITY COMUN MARK LTDA   15122012000000000058186000000000000000000000000000000171220120000000000581860000000000000001919                                    00                
0330003300066J00034196554800000680001570681992830513635268000OPPORTUNITY COMUN MARK LTDA   15122012000000000068000000000000000000000000000000000171220120000000000680000000000000000001920                                    00                
0330003300067J00034194554800002354501570682056270513635268000OPPORTUNITY COMUN MARK LTDA   15122012000000000235450000000000000000000000000000000171220120000000002354500000000000000001921                                    00                
0330003300068J00039991555000001447682400430820006573205239001RODONAVES TRANSP E ENCOMENDAS 17122012000000000144768000000000000000000000000000000171220120000000001447680000000000000001922                                    00                
0330003300069J00039991555000000099452400430821906573205239001RODONAVES TRANSP E ENCOMENDAS 17122012000000000009945000000000000000000000000000000171220120000000000099450000000000000001923                                    00                
0330003300070J00010496554800000315008526463743167900300000181SIND COM VAREJISTA PECAS ACESS15122012000000000031500000000000000000000000000000000171220120000000000315000000000000000001924                                    00                
0330003300071J00010498554800000150008526463742167900300000181SIND COM VAREJISTA PECAS ACESS15122012000000000015000000000000000000000000000000000171220120000000000150000000000000000001925                                    00                
0330003300072J00010495554800000315008526463076167900300000181SIND COM VAREJISTA PECAS ACESS15122012000000000031500000000000000000000000000000000171220120000000000315000000000000000001926                                    00                
0330003300073J00010499554800000150008526465708167900300000181SIND COM VAREJISTA PECAS ACESS15122012000000000015000000000000000000000000000000000171220120000000000150000000000000000001927                                    00                
0330003300074J00010499554800000150008605092891167900300000181SIND COM VAREJISTA PECAS ACESS15122012000000000015000000000000000000000000000000000171220120000000000150000000000000000001928                                    00                
0330003300075J00023791555000000555992002192331000098900001270INDUSTRIAS ROMI SA            17122012000000000055599000000000000000000000000000000171220120000000000555990000000000000001929                                    00                
0330003300076J00023796555000000555992002192331000195800001270INDUSTRIAS ROMI SA            17122012000000000055599000000000000000000000000000000171220120000000000555990000000000000001930                                    00                
0330003300077J00034194554800004148811125953344942938012875000INDUSTRIAS ROMI SA            15122012000000000414881000000000000000000000000000000171220120000000004148810000000000000001931                                    00                
0330003300078J00034191554800004148811125953379922938012875000INDUSTRIAS ROMI SA            15122012000000000414881000000000000000000000000000000171220120000000004148810000000000000001932                                    00                
0330003300079J00000191555000000085568336199918009700000127018ALARMAQ EQTOS DE SEGURANCA LTD17122012000000000008556000000000000000000000000000000171220120000000000085560000000000000001933                                    00                
0330003300080J00075692555000000781911319102003307302140028001AUTO POSTO REI DA CASTELO PORT17122012000000000078191000000000000000000000000000000171220120000000000781910000000000000001934                                    00                
0330003300081J00023791555000001212243372091123350501000731020MAGGI AUTOMOVEIS LTDA         17122012000000000121224000000000000000000000000000000171220120000000001212240000000000000001935                                    00                
0330003300082J00023793554900004180493391020007157328700010210INTERSMART COM IMP EXP EQUIP E16122012000000000418049000000000000000000000000000000171220120000000004180490000000000000001936                                    00                
0330003300083J00034198000000000525691750435998002938010580000EMPRESA BRASILEIRA DE TELECOMU15122012000000000052569000000000000000000000000000000171220120000000000525690000000000000001939                                    00                
03300035         000085000000000009928773000000000000000000                                                                                                                                                                                     
03300041C2011010 205437537000137003300650049002805030006550000480000414 AUTO GERAL DE ITU LTDA                                                AV DR OCTAVIANO PEREIRA MENDES01333               ITU                 13301000SP                  
0330004300001O00083600000002005701103002152045730210005915431CIA PIRATININGA DE FORCA E LUZ17122012171220120000000000200571937                                                                                                                  
0330004300002B   000000000000000                              00000                                                  00000000  171220120000000000000000000000000000000000000000000000000000000000000000000000000000              0000000        
03300045         000004000000000000020057                                                                                                                                                                                                       
03399999         000004000105                                                                                                                                                                                                                   
