03300000         2054375370001370033006500490028050300065 0000480000414 AUTO GERAL DE ITU LTDA        BANCO SANTANDER                         11712201216174700005506000000                                        G4016PF00528               G4
03300011C2003031 2054375370001370033006500490028050300065 0000480000414 AUTO GERAL DE ITU LTDA                                                AV DR OCTAVIANO PEREIRA MENDES01333               ITU                 13301000SP                  
0330001300001A0000182370336770000000019291 MAX GEAR IND E COM DE AUTO PEC1968                18122012BRL000000000000000000000000524619                    00000000000000000000000                                        07          0          
0330001300002B   202821683000173                              00000                                                  00000000  181220120000000005246190000000000000000000000000000000000000000000000000000000000000000           00000          
03300015         000004000000000000524619000000000000000000                                                                                                                                                                                     
03300021C2030030 205437537000137003300650049002805030006550000480000414 AUTO GERAL DE ITU LTDA                                                AV DR OCTAVIANO PEREIRA MENDES01333               ITU                 13301000SP                  
0330002300001J00003397555100000377729186167000000003986590203BACURITY COMERCIAL LTDA       18122012000000000037772000000000000000000000000000000181220120000000000377720000000000000001941                                    00                
0330002300002J00003391555100000321709513931700000103541740101DISTRIBUIDORA AUTOMOTIVA S/A  18122012000000000032170000000000000000000000000000000181220120000000000321700000000000000001946                                    00                
03300025         000004000000000000069942000000000000000000                                                                                                                                                                                     
03300031C2031030 205437537000137003300650049002805030006550000480000414 AUTO GERAL DE ITU LTDA                                                AV DR OCTAVIANO PEREIRA MENDES01333               ITU                 13301000SP                  
0330003300001J00000193555100001242000441720127719140000100711CDMD COM DE VEICULOS AUTOMOTOR18122012000000000124200000000000000000000000000000000181220120000000001242000000000000000001942                                    00                
0330003300002J00000192555100000192000441720128019140000100711CDMD COM DE VEICULOS AUTOMOTOR18122012000000000019200000000000000000000000000000000181220120000000000192000000000000000001943                                    00                
0330003300003J00023797555100001303023395001200005639800086350DECAR AUTOPECAS LTDA          18122012000000000130302000000000000000000000000000000181220120000000001303020000000000000001944                                    00                
0330003300004J00035699555100001172530689070323410000004893980DISTRIBUIDORA AUTOMOTIVA S/A  18122012000000000117253000000000000000000000000000000181220120000000001172530000000000000001945                                    00                
0330003300005J00035692555100000283300689070323430000005560933DISTRIBUIDORA AUTOMOTIVA S/A  18122012000000000028330000000000000000000000000000000181220120000000000283300000000000000001947                                    00                
0330003300006J00034199555100000161421125094835852938000052000EATON LTDA                    18122012000000000016142000000000000000000000000000000181220120000000000161420000000000000001948                                    00                
0330003300007J00034192555100000138681125318951032938000052000EATON LTDA                    18122012000000000013868000000000000000000000000000000181220120000000000138680000000000000001949                                    00                
0330003300008J00034195555100000349801124258912832938107808000ELIVEL AUTOMOTORES LTDA       18122012000000000034980000000000000000000000000000000181220120000000000349800000000000000001950                                    00                
0330003300009J00039996555100000891471763494289004570524809001F CONFUORTO IND COM PCS LTDA  18122012000000000089147000000000000000000000000000000181220120000000000891470000000000000001951                                    00                
0330003300010J00034192555100000500831090304170350109276204000GIRANDO COMERCIO DE PECAS LTDA18122012000000000050083000000000000000000000000000000181220120000000000500830000000000000001952                                    00                
0330003300011J00034196555100000139991090304170430109276204000GIRANDO COMERCIO DE PECAS LTDA18122012000000000013999000000000000000000000000000000181220120000000000139990000000000000001953                                    00                
0330003300012J00034191555100012289981126534340530125675405000IND E COM AUTO PECAS REI LTDA 18122012000000001228998000000000000000000000000000000181220120000000012289980000000000000001954                                    00                
0330003300013J00023796555100000359511911092327000001900178030LNG IMP EXP DE AUTOPECAS LTDA 18122012000000000035951000000000000000000000000000000181220120000000000359510000000000000001955                                    00                
0330003300014J00039991555100000979112696545923404540096965001PELLEGRINO DISTRIBUIDORA DE AU18122012000000000097911000000000000000000000000000000181220120000000000979110000000000000001956                                    00                
0330003300015J00039991555100002986028144666543004540096965001PELLEGRINO DISTRIBUIDORA DE AU18122012000000000298602000000000000000000000000000000181220120000000002986020000000000000001957                                    00                
0330003300016J00000198555100001782270000002096856000001954717PRV COMERCIO DE PECAS LTDA    18122012000000000178227000000000000000000000000000000181220120000000001782270000000000000001958                                    00                
0330003300017J00039991555100002619462315304409005313093513001REAL MOTO PECAS LTDA          18122012000000000261946000000000000000000000000000000181220120000000002619460000000000000001959                                    00                
0330003300018J00039996555100000633482315305043005313093513001REAL MOTO PECAS LTDA          18122012000000000063348000000000000000000000000000000181220120000000000633480000000000000001960                                    00                
0330003300019J00039992555100000238831764969436204540575219001TRELLEBORG AUTOMOTIVE DO BRASI18122012000000000023883000000000000000000000000000000181220120000000000238830000000000000001961                                    00                
0330003300020J00039996555100000352141764969423004540575219001TRELLEBORG AUTOMOTIVE DO BRASI18122012000000000035214000000000000000000000000000000181220120000000000352140000000000000001962                                    00                
0330003300021J00000195555100000522310000001291892000004427617VESPOR AUTOMOTIVE DIST DE AUTO18122012000000000052231000000000000000000000000000000181220120000000000522310000000000000001963                                    00                
0330003300022J00000191555100001471300000001291892000004426817VESPOR AUTOMOTIVE DIST DE AUTO18122012000000000147130000000000000000000000000000000181220120000000001471300000000000000001964                                    00                
0330003300023J00023794554500001129472372196600096559400360080TELEFONICA BRASIL S/A         12122012000000000112947000000000000000000000000000000181220120000000001129470000000000000001967                                    00                
03300035         000025000000000003173892000000000000000000                                                                                                                                                                                     
03300041C2011010 205437537000137003300650049002805030006550000480000414 AUTO GERAL DE ITU LTDA                                                AV DR OCTAVIANO PEREIRA MENDES01333               ITU                 13301000SP                  
0330004300001O00084680000010900010299916142879601007076261277TELEFONICA                    18122012181220120000000001090001965                                                                                                                  
0330004300002B   000000000000000                              00000                                                  00000000  181220120000000000000000000000000000000000000000000000000000000000000000000000000000              0000000        
0330004300003O00083670000005013001103001616166250210015162745CIA PIRATININGA DE FORCA E LUZ18122012181220120000000000501301966                                                                                                                  
0330004300004B   000000000000000                              00000                                                  00000000  181220120000000000000000000000000000000000000000000000000000000000000000000000000000              0000000        
03300045         000006000000000000159130                                                                                                                                                                                                       
03399999         000004000041                                                                                                                                                                                                                   
