03300000         2054375370001370033006500490028050300065 0000480000414 AUTO GERAL DE ITU LTDA        BANCO SANTANDER                         11802201310554300010006000000                                        G4016PF00529               G4
03300011C2003031 2054375370001370033006500490028050300065 0000480000414 AUTO GERAL DE ITU LTDA                                                AV DR OCTAVIANO PEREIRA MENDES01333               ITU                 13301000SP                  
0330001300001A0007002370056060000000404209 JUNTAS SANTA CRUZ LTDA        4091                18022013BRL000000000000000000000000064192                    00000000000000000000000                                        07          0          
0330001300002B   277644102000174                              00000                                                  00000000  180220130000000000641920000000000000000000000000000000000000000000000000000000000000000           00000          
0330001300003A0007002370337200000000040002 MAGGI LE NOM AUTOMOTORES LTDA 4092                18022013BRL000000000000000000000000004725                    00000000000000000000000                                        07          0          
0330001300004B   207659871000160                              00000                                                  00000000  180220130000000000047250000000000000000000000000000000000000000000000000000000000000000           00000          
03300015         000006000000000000068917000000000000000000                                                                                                                                                                                     
03300021C2030030 205437537000137003300650049002805030006550000480000414 AUTO GERAL DE ITU LTDA                                                AV DR OCTAVIANO PEREIRA MENDES01333               ITU                 13301000SP                  
0330002300001J00003391561100002923919184001020020000308020203MARIA HENRIQUETA SILVA TROFINO16022013000000000292391000000000000000000000000000000180220130000000002923910000000000000004020                                    00                
0330002300002J00003391561300000363619513931700000104064680101DISTRIBUIDORA AUTOMOTIVA S/A  18022013000000000036361000000000000000000000000000000180220130000000000363610000000000000004048                                    00                
0330002300003J00003394561300000473659513931700000104057980101DISTRIBUIDORA AUTOMOTIVA S/A  18022013000000000047365000000000000000000000000000000180220130000000000473650000000000000004049                                    00                
0330002300004J00003399561300000507009151180700000300443910104INFOR-REL COM SERV LTDA EPP   18022013000000000050700000000000000000000000000000000180220130000000000507000000000000000004088                                    00                
03300025         000006000000000000426817000000000000000000                                                                                                                                                                                     
03300031C2031030 205437537000137003300650049002805030006550000480000414 AUTO GERAL DE ITU LTDA                                                AV DR OCTAVIANO PEREIRA MENDES01333               ITU                 13301000SP                  
0330003300001J00075696561100000987521319102003307302606409001AUTO POSTO REI DA CASTELO PORT16022013000000000098752000000000000000000000000000000180220130000000000987520000000000000004004                                    00                
0330003300002J00023794561100000555313114091395769908501763000BANCO SAFRA S/A               16022013000000000055531000000000000000000000000000000180220130000000000555310000000000000004005                                    00                
0330003300003J00034196561100000100001127755884630076000777000CENTER PECAS FABBRI LTDA      16022013000000000010000000000000000000000000000000000180220130000000000100000000000000000004006                                    00                
0330003300004J00034196561100000075001127755884550076000777000CENTER PECAS FABBRI LTDA      16022013000000000007500000000000000000000000000000000180220130000000000075000000000000000004007                                    00                
0330003300005J00034199561100000063001127755884480076000777000CENTER PECAS FABBRI LTDA      16022013000000000006300000000000000000000000000000000180220130000000000063000000000000000004008                                    00                
0330003300006J00034191561100000216001127755885050076000777000CENTER PECAS FABBRI LTDA      16022013000000000021600000000000000000000000000000000180220130000000000216000000000000000004009                                    00                
0330003300007J00034193561100000115001127755885390076000777000CENTER PECAS FABBRI LTDA      16022013000000000011500000000000000000000000000000000180220130000000000115000000000000000004010                                    00                
0330003300008J00023791561100004988010119060000001006100682000CORCERAMA COM DE AUTOPECAS LTD16022013000000000498801000000000000000000000000000000180220130000000004988010000000000000004011                                    00                
0330003300009J00034199561100000964091127413557572938036635000DAYCO POWER TRANSMISSION      16022013000000000096409000000000000000000000000000000180220130000000000964090000000000000004012                                    00                
0330003300010J00023791561100000193013394093704076140100039600DE NIGRIS DISTRIBUIDORA DE VEI16022013000000000019301000000000000000000000000000000180220130000000000193010000000000000004013                                    00                
0330003300011J00034197561100000220551127094818432938107808000ELIVEL AUTOMOTORES LTDA       16022013000000000022055000000000000000000000000000000180220130000000000220550000000000000004014                                    00                
0330003300012J00034192561100007413451128144352622938017569000FRAS-LE S/A                   16022013000000000741345000000000000000000000000000000180220130000000007413450000000000000004015                                    00                
0330003300013J00034196561100006412051128144352392938017569000FRAS-LE S/A                   16022013000000000641205000000000000000000000000000000180220130000000006412050000000000000004016                                    00                
0330003300014J00034191561100016473801128144352472938017569000FRAS-LE S/A                   16022013000000001647380000000000000000000000000000000180220130000000016473800000000000000004017                                    00                
0330003300015J00034192561100011999021128144352542938017569000FRAS-LE S/A                   16022013000000001199902000000000000000000000000000000180220130000000011999020000000000000004018                                    00                
0330003300016J00039999561100000214681767913061703280030090001ITAVEMA ITALIA VEICULOS E MAQU16022013000000000021468000000000000000000000000000000180220130000000000214680000000000000004019                                    00                
0330003300017J00023795561100000191292500090256571796500000340ODAPEL DISTRIBUIDORA DE AUTO P16022013000000000019129000000000000000000000000000000180220130000000000191290000000000000004021                                    00                
0330003300018J00023796561100000299512500090256571752100000340ODAPEL DISTRIBUIDORA DE AUTO P16022013000000000029951000000000000000000000000000000180220130000000000299510000000000000004022                                    00                
0330003300019J00023799561100000546283395061180232898700028140ROCHESTER DISTRIBUIDORA DE AUT16022013000000000054628000000000000000000000000000000180220130000000000546280000000000000004023                                    00                
0330003300020J00023795561100000202133395090000005184000650000SORANA SUL                    16022013000000000020213000000000000000000000000000000180220130000000000202130000000000000004024                                    00                
0330003300021J00023791561100000204123395090000005177800650000SORANA SUL                    16022013000000000020412000000000000000000000000000000180220130000000000204120000000000000004025                                    00                
0330003300022J00034191561200000214441127371887740237417159000ACCIOLY SA IMP E COM          17022013000000000021444000000000000000000000000000000180220130000000000214440000000000000004026                                    00                
0330003300023J00034191561200000834061127176959130237417159000ACCIOLY SA IMP E COM          17022013000000000083406000000000000000000000000000000180220130000000000834060000000000000004027                                    00                
0330003300024J00034199561200000056001127755884710076000777000CENTER PECAS FABBRI LTDA      17022013000000000005600000000000000000000000000000000180220130000000000056000000000000000004028                                    00                
0330003300025J00034191561200000055001127755885540076000777000CENTER PECAS FABBRI LTDA      17022013000000000005500000000000000000000000000000000180220130000000000055000000000000000004029                                    00                
0330003300026J00034194561200000052501127755885470076000777000CENTER PECAS FABBRI LTDA      17022013000000000005250000000000000000000000000000000180220130000000000052500000000000000004030                                    00                
0330003300027J00034193561200000062701127755884970076000777000CENTER PECAS FABBRI LTDA      17022013000000000006270000000000000000000000000000000180220130000000000062700000000000000004031                                    00                
0330003300028J00034193561200000026051127755884890076000777000CENTER PECAS FABBRI LTDA      17022013000000000002605000000000000000000000000000000180220130000000000026050000000000000004032                                    00                
0330003300029J00034194561200002610561127179842422938000052000EATON LTDA                    17022013000000000261056000000000000000000000000000000180220130000000002610560000000000000004033                                    00                
0330003300030J00034196561200000589501127179841502938000052000EATON LTDA                    17022013000000000058950000000000000000000000000000000180220130000000000589500000000000000004034                                    00                
0330003300031J00034196561200000183381127862923452938000052000EATON LTDA                    17022013000000000018338000000000000000000000000000000180220130000000000183380000000000000004035                                    00                
0330003300032J00034195561200002195321127862914872938000052000EATON LTDA                    17022013000000000219532000000000000000000000000000000180220130000000002195320000000000000004036                                    00                
0330003300033J00034197561200000087701127862917192938000052000EATON LTDA                    17022013000000000008770000000000000000000000000000000180220130000000000087700000000000000004037                                    00                
0330003300034J00023797561200000212103394090000015786500324600MORELATE DISTRIBUIDORA DE AUTO17022013000000000021210000000000000000000000000000000180220130000000000212100000000000000004038                                    00                
0330003300035J00023792561200000658903394090000014466900324600MORELATE DISTRIBUIDORA DE AUTO17022013000000000065890000000000000000000000000000000180220130000000000658900000000000000004039                                    00                
0330003300036J00023791561200000786543395061180232900100028140ROCHESTER DISTRIBUIDORA DE AUT17022013000000000078654000000000000000000000000000000180220130000000000786540000000000000004040                                    00                
0330003300037J00023793561200000280523395090000005187700650000SORANA SUL                    17022013000000000028052000000000000000000000000000000180220130000000000280520000000000000004041                                    00                
0330003300038J00023795561300000266003372090000016420005040000ABRAO REZE COM DE VEICULOS LTD18022013000000000026600000000000000000000000000000000180220130000000000266000000000000000004042                                    00                
0330003300039J00000197561300000091328336191060109700000127018ALARMAQ EQTOS DE SEGURANCA LTD18022013000000000009132000000000000000000000000000000180220130000000000091320000000000000004043                                    00                
0330003300040J00034197561300000223351090063231410757035373000CIPEC INDUSTRIAL DE AUTOPECAS 18022013000000000022335000000000000000000000000000000180220130000000000223350000000000000004044                                    00                
0330003300041J00034191561300002110251090063231580757035373000CIPEC INDUSTRIAL DE AUTOPECAS 18022013000000000211025000000000000000000000000000000180220130000000002110250000000000000004045                                    00                
0330003300042J00023791561300000465973262090000033541900935470COMDIP COMERCIAL DISTR DE PECA18022013000000000046597000000000000000000000000000000180220130000000000465970000000000000004046                                    00                
0330003300043J00023794561300000332472002061301401236100829680COMERCIAL AUTOMOTIVA S.A.     18022013000000000033247000000000000000000000000000000180220130000000000332470000000000000004047                                    00                
0330003300044J00023794561300000339770138093007000006501370000BBL SISTEMAS OPERACIONAIS LTDA18022013000000000033977000000000000000000000000000000180220130000000000339770000000000000004050                                    00                
0330003300045J00034199561300000212971127216744902938000052000EATON LTDA                    18022013000000000021297000000000000000000000000000000180220130000000000212970000000000000004051                                    00                
0330003300046J00034193561300000563191127216745162938000052000EATON LTDA                    18022013000000000056319000000000000000000000000000000180220130000000000563190000000000000004052                                    00                
0330003300047J00034197561300000864531127216745732938000052000EATON LTDA                    18022013000000000086453000000000000000000000000000000180220130000000000864530000000000000004053                                    00                
0330003300048J00034199561300000510411127862947882938000052000EATON LTDA                    18022013000000000051041000000000000000000000000000000180220130000000000510410000000000000004054                                    00                
0330003300049J00034192561300000301891090304494830109276204000GIRANDO COMERCIO DE PECAS LTDA18022013000000000030189000000000000000000000000000000180220130000000000301890000000000000004055                                    00                
0330003300050J00034193561300000281991090304489980109276204000GIRANDO COMERCIO DE PECAS LTDA18022013000000000028199000000000000000000000000000000180220130000000000281990000000000000004056                                    00                
0330003300051J00034191561300002644001091724326061248027078000BANCO VOTORANTIM SA           18022013000000000264400000000000000000000000000000000180220130000000002644000000000000000004057                                    00                
0330003300052J00034191561300001681871561758170473171011202000HIDRAULICA VIC IM CO EQ HI LTD18022013000000000168187000000000000000000000000000000180220130000000001681870000000000000004058                                    00                
0330003300053J00000191561300003245330444224548334120000204711INSTALADORA SAO MARCOS LTDA   18022013000000000324533000000000000000000000000000000180220130000000003245330000000000000004059                                    00                
0330003300054J00034191561300005591451128157038252395022557000KOGA KOGA CIA LTDA            18022013000000000559145000000000000000000000000000000180220130000000005591450000000000000004060                                    00                
0330003300055J00034199561300000694691128157033462395022557000KOGA KOGA CIA LTDA            18022013000000000069469000000000000000000000000000000180220130000000000694690000000000000004061                                    00                
0330003300056J00034193561300000189921128157033532395022557000KOGA KOGA CIA LTDA            18022013000000000018992000000000000000000000000000000180220130000000000189920000000000000004062                                    00                
0330003300057J00034193561300001026571128157034112395022557000KOGA KOGA CIA LTDA            18022013000000000102657000000000000000000000000000000180220130000000001026570000000000000004063                                    00                
0330003300058J00023798561300001779553372091130360521800731020KOGA KOGA CIA LTDA            18022013000000000177955000000000000000000000000000000180220130000000001779550000000000000004064                                    00                
0330003300059J00023791561300001165003372097672311666300767230MAGGI VEICULOS LTDA           18022013000000000116500000000000000000000000000000000180220130000000001165000000000000000004065                                    00                
0330003300060J00034199561300000451261127767568872938025125000MAHLE METAL LEVE S/A          18022013000000000045126000000000000000000000000000000180220130000000000451260000000000000004066                                    00                
0330003300061J00034197561300000339291127767568952938025125000MAHLE METAL LEVE S/A          18022013000000000033929000000000000000000000000000000180220130000000000339290000000000000004067                                    00                
0330003300062J00034193561300001305341127767567622938025125000MAHLE METAL LEVE S/A          18022013000000000130534000000000000000000000000000000180220130000000001305340000000000000004068                                    00                
0330003300063J00034191561300000137611127767567702938025125000MAHLE METAL LEVE S/A          18022013000000000013761000000000000000000000000000000180220130000000000137610000000000000004069                                    00                
0330003300064J00034191561300000571061127767567882938025125000MAHLE METAL LEVE S/A          18022013000000000057106000000000000000000000000000000180220130000000000571060000000000000004070                                    00                
0330003300065J00034192561300000285021127767567962938025125000MAHLE METAL LEVE S/A          18022013000000000028502000000000000000000000000000000180220130000000000285020000000000000004071                                    00                
0330003300066J00010491561300000138003709833463279148011303264BR REGISTRO                   18022013000000000013800000000000000000000000000000000180220130000000000138000000000000000004072                                    00                
0330003300067J00034194000000000000001219837558111012365225000PACAEMBU AUTO PECAS LTDA      18022013000000000159692000000000000000000000000000000180220130000000001596920000000000000004073                                    00                
0330003300068J00034197000000000000001219837559021012365225000PACAEMBU AUTO PECAS LTDA      18022013000000000070590000000000000000000000000000000180220130000000000705900000000000000004074                                    00                
0330003300069J00039991561300001401008144669462604540096965001PELLEGRINO DISTRIBUIDORA DE AU18022013000000000140100000000000000000000000000000000180220130000000001401000000000000000004075                                    00                
0330003300070J00039996561300000749348144669403004540096965001PELLEGRINO DISTRIBUIDORA DE AU18022013000000000074934000000000000000000000000000000180220130000000000749340000000000000004076                                    00                
0330003300071J00039991561300000278948144669412004540096965001PELLEGRINO DISTRIBUIDORA DE AU18022013000000000027894000000000000000000000000000000180220130000000000278940000000000000004077                                    00                
0330003300072J00039995561300002681273133538449305313093513001REAL MOTO PECAS LTDA          18022013000000000268127000000000000000000000000000000180220130000000002681270000000000000004078                                    00                
0330003300073J00039997561300000362873133527163005313093513001REAL MOTO PECAS LTDA          18022013000000000036287000000000000000000000000000000180220130000000000362870000000000000004079                                    00                
0330003300074J00039993561300000404203133527140005313093513001REAL MOTO PECAS LTDA          18022013000000000040420000000000000000000000000000000180220130000000000404200000000000000004080                                    00                
0330003300075J00034199561300000779481090014911973048108587000SAF DIESEL VEICULOS LTDA      18022013000000000077948000000000000000000000000000000180220130000000000779480000000000000004081                                    00                
0330003300076J00023795561300001168354130074130006230000050880SOUZA RAMOS COM E IMP LTDA    18022013000000000116835000000000000000000000000000000180220130000000001168350000000000000004082                                    00                
0330003300077J00039991561300000502021767595850504540079149001BANCO SOFISA SA               18022013000000000050202000000000000000000000000000000180220130000000000502020000000000000004083                                    00                
0330003300078J00039994561300000693521767595848304540079149001BANCO SOFISA SA               18022013000000000069352000000000000000000000000000000180220130000000000693520000000000000004084                                    00                
0330003300079J00039999561300000644661767595849104540079149001BANCO SOFISA SA               18022013000000000064466000000000000000000000000000000180220130000000000644660000000000000004085                                    00                
0330003300080J00039999561300000146062400480419406573205239001RODONAVES TRANSP E ENCOMENDAS 18022013000000000014606000000000000000000000000000000180220130000000000146060000000000000004086                                    00                
0330003300081J00039992561300001184112400480418606573205239001RODONAVES TRANSP E ENCOMENDAS 18022013000000000118411000000000000000000000000000000180220130000000001184110000000000000004087                                    00                
03300035         000083000000000010244780000000000000000000                                                                                                                                                                                     
03300041C2011010 205437537000137003300650049002805030006550000480000414 AUTO GERAL DE ITU LTDA                                                AV DR OCTAVIANO PEREIRA MENDES01333               ITU                 13301000SP                  
0330004300001O00083600000005549501103001705291110210015162745CIA PIRATININGA DE FORCA E LUZ18022013180220130000000000554954089                                                                                                                  
0330004300002B   000000000000000                              00000                                                  00000000  180220130000000000000000000000000000000000000000000000000000000000000000000000000000              0000000        
0330004300003O00083600000001938801103003575126030210005915431CIA PIRATININGA DE FORCA E LUZ18022013180220130000000000193884090                                                                                                                  
0330004300004B   000000000000000                              00000                                                  00000000  180220130000000000000000000000000000000000000000000000000000000000000000000000000000              0000000        
03300045         000006000000000000074883                                                                                                                                                                                                       
03399999         000004000103                                                                                                                                                                                                                   
