03300000         2054375370001370033006500490028050300065 0000480000414 AUTO GERAL DE ITU LTDA        BANCO SANTANDER                         11812201210505200005606000000                                        G4016PF00528               G4
03300011C2003031 2054375370001370033006500490028050300065 0000480000414 AUTO GERAL DE ITU LTDA                                                AV DR OCTAVIANO PEREIRA MENDES01333               ITU                 13301000SP                  
0330001300001A0000183410016800000000435808 MEGA FREIOS DISTR E SERV P/ VE2017                18122012BRL000000000000000000000001157004                    00000000000000000000000                                        07          0          
0330001300002B   205197228000137                              00000                                                  00000000  181220120000000011570040000000000000000000000000000000000000000000000000000000000000000           00000          
03300015         000004000000000001157004000000000000000000                                                                                                                                                                                     
03399999         000001000006                                                                                                                                                                                                                   
