03300000         2054375370001370033006500490028050300065 0000480000414 AUTO GERAL DE ITU LTDA        BANCO SANTANDER                         11912201210122100005706000000                                        G4016PF00528               G4
03300011C2003031 2054375370001370033006500490028050300065 0000480000414 AUTO GERAL DE ITU LTDA                                                AV DR OCTAVIANO PEREIRA MENDES01333               ITU                 13301000SP                  
0330001300001A0007000010154660000002050374 GERAL PARTS COM PECAS E ABRASI2016                19122012BRL000000000000000000000000082671                    00000000000000000000000                                        07          0          
0330001300002B   252472438000176                              00000                                                  00000000  191220120000000000826710000000000000000000000000000000000000000000000000000000000000000           00000          
03300015         000004000000000000082671000000000000000000                                                                                                                                                                                     
03300021C2030030 205437537000137003300650049002805030006550000480000414 AUTO GERAL DE ITU LTDA                                                AV DR OCTAVIANO PEREIRA MENDES01333               ITU                 13301000SP                  
0330002300001J00003397555200001059649482285400000091799760203JOFUND S/A                    19122012000000000105964000000000000000000000000000000191220120000000001059640000000000000001986                                    00                
0330002300002J00003392555200006641899482285400000091800010203JOFUND S/A                    19122012000000000664189000000000000000000000000000000191220120000000006641890000000000000001987                                    00                
0330002300003J00003392555200004710729482285400000091812700203JOFUND S/A                    19122012000000000471072000000000000000000000000000000191220120000000004710720000000000000001988                                    00                
0330002300004J00003393555200000195369512606100000031485050101SERRAF DISTR DE PECAS PARA MOT19122012000000000019536000000000000000000000000000000191220120000000000195360000000000000002006                                    00                
03300025         000006000000000001260761000000000000000000                                                                                                                                                                                     
03300031C2031030 205437537000137003300650049002805030006550000480000414 AUTO GERAL DE ITU LTDA                                                AV DR OCTAVIANO PEREIRA MENDES01333               ITU                 13301000SP                  
0330003300001J00023791555200000513233392022326000011601078260MF CAMBUCI DISTR DE AUTOPECAS 19122012000000000051323000000000000000000000000000000191220120000000000513230000000000000001969                                    00                
0330003300002J00034196555200000044501126305763490076000777000CENTER PECAS FABBRI LTDA      19122012000000000004450000000000000000000000000000000191220120000000000044500000000000000001970                                    00                
0330003300003J00034191555200000045001126124247160076000777000CENTER PECAS FABBRI LTDA      19122012000000000004500000000000000000000000000000000191220120000000000045000000000000000001971                                    00                
0330003300004J00034193555200000072001126124247240076000777000CENTER PECAS FABBRI LTDA      19122012000000000007200000000000000000000000000000000191220120000000000072000000000000000001972                                    00                
0330003300005J00000198555200000167840443011651833600000221711CHG AUTOMOTIVA LTDA           19122012000000000016784000000000000000000000000000000191220120000000000167840000000000000001973                                    00                
0330003300006J00023791555200005318612002061201379275100829680COMERCIAL AUTOMOTIVA S.A.     19122012000000000531861000000000000000000000000000000191220120000000005318610000000000000001974                                    00                
0330003300007J00023791555200000668762002061201379293100829680COMERCIAL AUTOMOTIVA S.A.     19122012000000000066876000000000000000000000000000000191220120000000000668760000000000000001975                                    00                
0330003300008J00023795555200003792372002061201379288100829680COMERCIAL AUTOMOTIVA S.A.     19122012000000000379237000000000000000000000000000000191220120000000003792370000000000000001976                                    00                
0330003300009J00023791555200005967322002061201379282100829680COMERCIAL AUTOMOTIVA S.A.     19122012000000000596732000000000000000000000000000000191220120000000005967320000000000000001977                                    00                
0330003300010J00035691555200000396930689070323430000005561394DISTRIBUIDORA AUTOMOTIVA S/A  19122012000000000039693000000000000000000000000000000191220120000000000396930000000000000001979                                    00                
0330003300011J00035692555200001223180689070323420000005561395DISTRIBUIDORA AUTOMOTIVA S/A  19122012000000000122318000000000000000000000000000000191220120000000001223180000000000000001980                                    00                
0330003300012J00035698555200001447260689070323420000004894276DISTRIBUIDORA AUTOMOTIVA S/A  19122012000000000144726000000000000000000000000000000191220120000000001447260000000000000001981                                    00                
0330003300013J00023796555200000290500138092305000002001370000BBL SISTEMAS OPERACIONAIS LTDA19122012000000000029050000000000000000000000000000000191220120000000000290500000000000000001982                                    00                
0330003300014J00000192555200002602730443084486226590000460931FREIOS CONTROIL LTDA          19122012000000000260273000000000000000000000000000000191220120000000002602730000000000000001983                                    00                
0330003300015J00034198555200000193791090304183710109276204000GIRANDO COMERCIO DE PECAS LTDA19122012000000000019379000000000000000000000000000000191220120000000000193790000000000000001984                                    00                
0330003300016J00035695555200000354610409503986780000000240403ITA PECAS PARA VEIC COM E SERV19122012000000000035461000000000000000000000000000000191220120000000000354610000000000000001985                                    00                
0330003300017J00034192555200001552471126551462002395022557000KOGA KOGA CIA LTDA            19122012000000000155247000000000000000000000000000000191220120000000001552470000000000000001989                                    00                
0330003300018J00034192555200000348601126551466222395022557000KOGA KOGA CIA LTDA            19122012000000000034860000000000000000000000000000000191220120000000000348600000000000000001990                                    00                
0330003300019J00023798555200014212453372092339000004105096800METALURGICA SCHADEK LTDA      19122012000000001421245000000000000000000000000000000191220120000000014212450000000000000001991                                    00                
0330003300020J00023794555200001280273394090000010042100324600MORELATE DISTRIBUIDORA DE AUTO19122012000000000128027000000000000000000000000000000191220120000000001280270000000000000001992                                    00                
0330003300021J00039999555200000875348145174913704540096965001PELLEGRINO DISTRIBUIDORA DE AU19122012000000000087534000000000000000000000000000000191220120000000000875340000000000000001993                                    00                
0330003300022J00039991555200000774088144666667304540096965001PELLEGRINO DISTRIBUIDORA DE AU19122012000000000077408000000000000000000000000000000191220120000000000774080000000000000001994                                    00                
0330003300023J00039991555200001004926696534173104540096965001PELLEGRINO DISTRIBUIDORA DE AU19122012000000000100492000000000000000000000000000000191220120000000001004920000000000000001995                                    00                
0330003300024J00039991555200008687098144666666504540096965001PELLEGRINO DISTRIBUIDORA DE AU19122012000000000868709000000000000000000000000000000191220120000000008687090000000000000001996                                    00                
0330003300025J00039994555200000909002696546115804540096965001PELLEGRINO DISTRIBUIDORA DE AU19122012000000000090900000000000000000000000000000000191220120000000000909000000000000000001997                                    00                
0330003300026J00039994555200000420502696546116604540096965001PELLEGRINO DISTRIBUIDORA DE AU19122012000000000042050000000000000000000000000000000191220120000000000420500000000000000001998                                    00                
0330003300027J00039991555200004490776696534177404540096965001PELLEGRINO DISTRIBUIDORA DE AU19122012000000000449077000000000000000000000000000000191220120000000004490770000000000000001999                                    00                
0330003300028J00023793555200000230013484092293000013301129000PETRONAS LUBRIFICANTES BRASIL 19122012000000000023001000000000000000000000000000000191220120000000000230010000000000000002000                                    00                
0330003300029J00023792555200002335683684190000017516200673000POLIPECAS DISTRIBUIDORA AUTOMO19122012000000000233568000000000000000000000000000000191220120000000002335680000000000000002001                                    00                
0330003300030J00023799555200000358903684190000017514200673000POLIPECAS DISTRIBUIDORA AUTOMO19122012000000000035890000000000000000000000000000000191220120000000000358900000000000000002002                                    00                
0330003300031J00023791555200001332833684190000017515800673000POLIPECAS DISTRIBUIDORA AUTOMO19122012000000000133283000000000000000000000000000000191220120000000001332830000000000000002003                                    00                
0330003300032J00000197555200000773600000002096856000001964817PRV COMERCIO DE PECAS LTDA    19122012000000000077360000000000000000000000000000000191220120000000000773600000000000000002004                                    00                
0330003300033J00034195555200001057001126113439740355223710000CREDERE CONS FOM MERC LTDA    19122012000000000105700000000000000000000000000000000191220120000000001057000000000000000002005                                    00                
0330003300034J00000193555200001606820000002175416000002862717SK AUTOMOTIVE S/A DISTR AUTOPE19122012000000000160682000000000000000000000000000000191220120000000001606820000000000000002007                                    00                
0330003300035J00000198555200004707410000002175416000002866217SK AUTOMOTIVE S/A DISTR AUTOPE19122012000000000470741000000000000000000000000000000191220120000000004707410000000000000002008                                    00                
0330003300036J00000195555200000839420000001451450000034473517SK AUTOMOTIVE S/A DISTR AUTOPE19122012000000000083942000000000000000000000000000000191220120000000000839420000000000000002009                                    00                
0330003300037J00000193555200001564810000002175416000002865217SK AUTOMOTIVE S/A DISTR AUTOPE19122012000000000156481000000000000000000000000000000191220120000000001564810000000000000002010                                    00                
0330003300038J00000195555200000868920000002175416000002862917SK AUTOMOTIVE S/A DISTR AUTOPE19122012000000000086892000000000000000000000000000000191220120000000000868920000000000000002011                                    00                
0330003300039J00000191555200002326260000001451450000034468217SK AUTOMOTIVE S/A DISTR AUTOPE19122012000000000232626000000000000000000000000000000191220120000000002326260000000000000002012                                    00                
0330003300040J00023795555200000331810545090000030970300705060TONINI DISTRIBUIDORA LTDA     19122012000000000033181000000000000000000000000000000191220120000000000331810000000000000002013                                    00                
0330003300041J00023791555200000311440545090000031011600705060TONINI DISTRIBUIDORA LTDA     19122012000000000031144000000000000000000000000000000191220120000000000311440000000000000002014                                    00                
0330003300042J00000196555200002150580000001148003000007027617VESPOR AUTOMOTIVE DIST DE AUTO19122012000000000215058000000000000000000000000000000191220120000000002150580000000000000002015                                    00                
0330003300043J00023798555200000957240738092346000005100063200SARAIVA DISTR. AUTO PECAS LTDA19122012000000000095724000000000000000000000000000000191220120000000000957240000000000000002018                                    00                
03300035         000045000000000007940685000000000000000000                                                                                                                                                                                     
03399999         000003000057                                                                                                                                                                                                                   
