03300000         2054375370001370033006500490028050300065 0000480000414 AUTO GERAL DE ITU LTDA        BANCO SANTANDER                         11911201210280500003306000000                                        G4016PF00528               G4
03300011C2022010 205437537000137003300650049002805030006550000480000414 AUTO GERAL DE ITU LTDA                                                AV DR OCTAVIANO PEREIRA MENDES01333               ITU                 13301000SP                  
0330001300001N000932                                     AUTO GERAL DE ITU LTDA        1911201200000000094948000046202054375370001372219112012387034155115000000000000010201200000000000000000000009494800000000000000000000000000000           
0330001300002B   205437537000137                              00000                                                  00000000  191120120000000000000000000000000000000000000000000000000000000000000000000000000000              0000000        
03300015         000004000000000000949480                                                                                                                                                                                                       
03399999         000001000006                                                                                                                                                                                                                   
