03300000         2054375370001370033006500490028050300065 0000480000414 AUTO GERAL DE ITU LTDA        BANCO SANTANDER                         11903201310343200012106000000                                        G4016PF00529               G4
03300011C2003031 2054375370001370033006500490028050300065 0000480000414 AUTO GERAL DE ITU LTDA                                                AV DR OCTAVIANO PEREIRA MENDES01333               ITU                 13301000SP                  
0330001300001A0007000010154660000002050374 GERAL PARTS COM PECAS E ABRASI5043                19032013BRL000000000000000000000000067771                    00000000000000000000000                                        07          0          
0330001300002B   252472438000176                              00000                                                  00000000  190320130000000000677710000000000000000000000000000000000000000000000000000000000000000           00000          
03300015         000004000000000000067771000000000000000000                                                                                                                                                                                     
03300021C2030030 205437537000137003300650049002805030006550000480000414 AUTO GERAL DE ITU LTDA                                                AV DR OCTAVIANO PEREIRA MENDES01333               ITU                 13301000SP                  
0330002300001J00003392564200001345409482966200000025844920104CAR CENTRAL DE AUTOPECAS E ROL19032013000000000134540000000000000000000000000000000190320130000000001345400000000000000005019                                    00                
0330002300002J00003396564200000303999472544100000001599560104CINPAL CIA IND DE PECAS P/ AUT19032013000000000030399000000000000000000000000000000190320130000000000303990000000000000005021                                    00                
0330002300003J00003391564200004082399472544100000001599130104CINPAL CIA IND DE PECAS P/ AUT19032013000000000408239000000000000000000000000000000190320130000000004082390000000000000005022                                    00                
03300025         000005000000000000573178000000000000000000                                                                                                                                                                                     
03300031C2031030 205437537000137003300650049002805030006550000480000414 AUTO GERAL DE ITU LTDA                                                AV DR OCTAVIANO PEREIRA MENDES01333               ITU                 13301000SP                  
0330003300001J000001935642000046681800000024299314451021702112AR INDUSTRIA E COMERCIO LTDA 19032013000000000466818000000000000000000000000000000190320130000000004668180000000000000005016                                    00                
0330003300002J00034191564200000675001128599281891248021303000BANCO FIBRA SA                19032013000000000067500000000000000000000000000000000190320130000000000675000000000000000005017                                    00                
0330003300003J00023793564200004596781008091330641693200607660BRUNKO IND E COM DE AUTOPECAS 19032013000000000459678000000000000000000000000000000190320130000000004596780000000000000005018                                    00                
0330003300004J00039991564200000314581769428542204061860231001CAR CENTRAL DE AUTOPECAS E ROL19032013000000000031458000000000000000000000000000000190320130000000000314580000000000000005020                                    00                
0330003300005J00023799564200000286093262090000035088000935470COMDIP COMERCIAL DISTR DE PECA19032013000000000028609000000000000000000000000000000190320130000000000286090000000000000005023                                    00                
0330003300006J00023792564200000378292002061301414215100829680COMERCIAL AUTOMOTIVA S.A.     19032013000000000037829000000000000000000000000000000190320130000000000378290000000000000005024                                    00                
0330003300007J00034194564200000005801127899665492938000052000EATON LTDA                    19032013000000000000580000000000000000000000000000000190320130000000000005800000000000000005025                                    00                
0330003300008J00034197564200000208341127899665072938000052000EATON LTDA                    19032013000000000020834000000000000000000000000000000190320130000000000208340000000000000005026                                    00                
0330003300009J00034199564200000267081127871611190548006287000ELETROPAR AUTOPECAS LTDA      19032013000000000026708000000000000000000000000000000190320130000000000267080000000000000005027                                    00                
0330003300010J00034192564200000914101127851223290046365078000FELICIO VIGORITO FILHOS LTDA  19032013000000000091410000000000000000000000000000000190320130000000000914100000000000000005028                                    00                
0330003300011J00000192564200002273810444701457801790000407011HSBOND INDUSTRIA COMERCIO IMP.19032013000000000227381000000000000000000000000000000190320130000000002273810000000000000005029                                    00                
0330003300012J00023799564200000516453392023023000003000201630LNG IMP EXP DE AUTOPECAS LTDA 19032013000000000051645000000000000000000000000000000190320130000000000516450000000000000005030                                    00                
0330003300013J00023797564200001293133372091130630531300731020MAGGI AUTOMOVEIS LTDA         19032013000000000129313000000000000000000000000000000190320130000000001293130000000000000005031                                    00                
0330003300014J00023791564200000658903394090000014467000324600MORELATE DISTRIBUIDORA DE AUTO19032013000000000065890000000000000000000000000000000190320130000000000658900000000000000005032                                    00                
0330003300015J00034197564200000942201571947855182904178288000PECA MAIS COMERCIO DE AUTO PEC19032013000000000094220000000000000000000000000000000190320130000000000942200000000000000005033                                    00                
0330003300016J00039992564200000418608144671014104540096965001PELLEGRINO DISTRIBUIDORA DE AU19032013000000000041860000000000000000000000000000000190320130000000000418600000000000000005034                                    00                
0330003300017J00023797564200002477943484093032000027301129000PETRONAS LUBRIFICANTES BRASIL 19032013000000000247794000000000000000000000000000000190320130000000002477940000000000000005035                                    00                
0330003300018J00034194564200001106931129105959930191074004000POLIPECAS COMERCIAL E IMPORTAD19032013000000000110693000000000007749000000000000000190320130000000001029440000000000000005036                                    00                
0330003300019J00039991564200004821013133574321305313093513001REAL MOTO PECAS LTDA          19032013000000000482101000000000000000000000000000000190320130000000004821010000000000000005037                                    00                
0330003300020J00023792564200000280533395090000005187800650000SORANA SUL                    19032013000000000028053000000000000000000000000000000190320130000000000280530000000000000005038                                    00                
0330003300021J00034191564200006009661128942395010028351815000TANCLICK DISTRIBUIDORA DE AUTO19032013000000000600966000000000000000000000000000000190320130000000006009660000000000000005039                                    00                
0330003300022J00034197564200001036051090000271970525580825000W ZANONI CIA LTDA             19032013000000000103605000000000000000000000000000000190320130000000001036050000000000000005040                                    00                
0330003300023J00034196564200003937851090000271890525580825000W ZANONI CIA LTDA             19032013000000000393785000000000000000000000000000000190320130000000003937850000000000000005041                                    00                
03300035         000025000000000003800981000000000000000000                                                                                                                                                                                     
03300041C2011010 205437537000137003300650049002805030006550000480000414 AUTO GERAL DE ITU LTDA                                                AV DR OCTAVIANO PEREIRA MENDES01333               ITU                 13301000SP                  
0330004300001O00081670000025768044042013031920131201340000001PM SOROCABA                   19032013190320130000000002576805042                                                                                                                  
0330004300002B   000000000000000                              00000                                                  00000000  190320130000000000000000000000000000000000000000000000000000000000000000000000000000              0000000        
03300045         000004000000000000257680                                                                                                                                                                                                       
03399999         000004000040                                                                                                                                                                                                                   
