03300000         2054375370001370033006500490028050300065 0000480000414 AUTO GERAL DE ITU LTDA        BANCO SANTANDER                         11902201310172500010106000000                                        G4016PF00529               G4
03300011C2030030 205437537000137003300650049002805030006550000480000414 AUTO GERAL DE ITU LTDA                                                AV DR OCTAVIANO PEREIRA MENDES01333               ITU                 13301000SP                  
0330001300001J00003391561400000893909489019100000092253230104KSPG AUTOMOTIVE BRASIL LTDA   19022013000000000089390000000000000000000000000000000190220130000000000893900000000000000004109                                    00                
03300015         000003000000000000089390000000000000000000                                                                                                                                                                                     
03300021C2031030 205437537000137003300650049002805030006550000480000414 AUTO GERAL DE ITU LTDA                                                AV DR OCTAVIANO PEREIRA MENDES01333               ITU                 13301000SP                  
0330002300001J00039998561400000286701768294155304061860231001CAR CENTRAL DE AUTOPECAS E ROL19022013000000000028670000000000000000000000000000000190220130000000000286700000000000000004093                                    00                
0330002300002J00023791561400000292393396093030000000500008270CINPAL CIA IND DE PECAS P/ AUT19022013000000000029239000000000000000000000000000000190220130000000000292390000000000000004094                                    00                
0330002300003J00023793561400002392793396093030000000100008270CINPAL CIA IND DE PECAS P/ AUT19022013000000000239279000000000000000000000000000000190220130000000002392790000000000000004095                                    00                
0330002300004J00023792561400000286113262090000035087800935470COMDIP COMERCIAL DISTR DE PECA19022013000000000028611000000000000000000000000000000190220130000000000286110000000000000004096                                    00                
0330002300005J00023793561400000334663262090000033653400935470COMDIP COMERCIAL DISTR DE PECA19022013000000000033466000000000000000000000000000000190220130000000000334660000000000000004097                                    00                
0330002300006J00023793561400000615163262090000033641100935470COMDIP COMERCIAL DISTR DE PECA19022013000000000061516000000000000000000000000000000190220130000000000615160000000000000004098                                    00                
0330002300007J00035691561400000144020689070323440000003262366DISTRIBUIDORA AUTOMOTIVA S/A  19022013000000000014402000000000000000000000000000000190220130000000000144020000000000000004099                                    00                
0330002300008J00035691561400000263510689070323480000003262511DISTRIBUIDORA AUTOMOTIVA S/A  19022013000000000026351000000000000000000000000000000190220130000000000263510000000000000004100                                    00                
0330002300009J00035691561400000108700689070323490000003262361DISTRIBUIDORA AUTOMOTIVA S/A  19022013000000000010870000000000000000000000000000000190220130000000000108700000000000000004101                                    00                
0330002300010J00034195561400000005981127899562682938000052000EATON LTDA                    19022013000000000000598000000000000000000000000000000190220130000000000005980000000000000004102                                    00                
0330002300011J00034191561400000214661127899561852938000052000EATON LTDA                    19022013000000000021466000000000000000000000000000000190220130000000000214660000000000000004103                                    00                
0330002300012J00034194561400000267081127871611010548006287000ELETROPAR AUTOPECAS LTDA      19022013000000000026708000000000000000000000000000000190220130000000000267080000000000000004104                                    00                
0330002300013J00034191561400000914371127851223110046365078000FELICIO VIGORITO FILHOS LTDA  19022013000000000091437000000000000000000000000000000190220130000000000914370000000000000004105                                    00                
0330002300014J00034193561400000226991090304497980109276204000GIRANDO COMERCIO DE PECAS LTDA19022013000000000022699000000000000000000000000000000190220130000000000226990000000000000004106                                    00                
0330002300015J00034192561400000167711090304501270109276204000GIRANDO COMERCIO DE PECAS LTDA19022013000000000016771000000000000000000000000000000190220130000000000167710000000000000004107                                    00                
0330002300016J00034194561400000362241128189917652395022557000KOGA KOGA CIA LTDA            19022013000000000036224000000000000000000000000000000190220130000000000362240000000000000004108                                    00                
0330002300017J00023797561400000704833392023023000002800201630LNG IMP EXP DE AUTOPECAS LTDA 19022013000000000070483000000000000000000000000000000190220130000000000704830000000000000004110                                    00                
0330002300018J00034192561400002194383588930809390452842032000ONIN DISTR DE AUTOPECAS LTDA  19022013000000000219438000000000000000000000000000000190220130000000002194380000000000000004111                                    00                
0330002300019J00034191000000000000001219837560821012365225000PACAEMBU AUTO PECAS LTDA      19022013000000000014588000000000000000000000000000000190220130000000000145880000000000000004112                                    00                
0330002300020J00023791561400002715700151091330360054401251750PECA MAIS COMERCIO DE AUTO PEC19022013000000000271570000000000000000000000000000000190220130000000002715700000000000000004113                                    00                
0330002300021J00039993561400000508502696553105904540096965001PELLEGRINO DISTRIBUIDORA DE AU19022013000000000050850000000000000000000000000000000190220130000000000508500000000000000004114                                    00                
0330002300022J00039996561400000372068144669518504540096965001PELLEGRINO DISTRIBUIDORA DE AU19022013000000000037206000000000000000000000000000000190220130000000000372060000000000000004115                                    00                
0330002300023J00000191561400001032010444357861009500001934911QUINELATO INDUSTRIA E COMERCIO19022013000000000103201000000000000000000000000000000190220130000000001032010000000000000004116                                    00                
0330002300024J00039998561400007971713133524283405313093513001REAL MOTO PECAS LTDA          19022013000000000797171000000000000000000000000000000190220130000000007971710000000000000004117                                    00                
0330002300025J00039996561400000863123133525136105313093513001REAL MOTO PECAS LTDA          19022013000000000086312000000000000000000000000000000190220130000000000863120000000000000004118                                    00                
0330002300026J00034191561400000151911127382316313184122228000UNIVERSAL AUTOMOTIVE SYSTEMS S19022013000000000015191000000000000000000000000000000190220130000000000151910000000000000004119                                    00                
0330002300027J00023791561400000841193367023367761431400002920VALEC DISTR. DE VEICULOS LTDA 19022013000000000084119000000000000000000000000000000190220130000000000841190000000000000004120                                    00                
0330002300028J00034192561400002980951750000118406890006866000NETWORK MAST C S I LTDA ME    19022013000000000298095000000000000000000000000000000190220130000000002980950000000000000004121                                    00                
03300025         000030000000000002736531000000000000000000                                                                                                                                                                                     
03399999         000002000035                                                                                                                                                                                                                   
