03300000         2054375370001370033006500490028050300065 0000480000414 AUTO GERAL DE ITU LTDA        BANCO SANTANDER                         11911201210153000003206000000                                        G4016PF00528               G4
03300011C2030030 205437537000137003300650049002805030006550000480000414 AUTO GERAL DE ITU LTDA                                                AV DR OCTAVIANO PEREIRA MENDES01333               ITU                 13301000SP                  
0330001300001J00003391552200000358509492147000000000457210104J FREITAS COM IMP E EXP LTDA  1911201200000000003585000000000000000000000000000000019112012000000000035850000000000000000903                                     00                
0330001300002J00003397552200003330109499820000000000213850104KS PRODUTOS AUTOMOTIVOS LTDA  1911201200000000033301000000000000000000000000000000019112012000000000333010000000000000000904                                     00                
0330001300003J00003396552200019917569489019100000092000450104KSPG AUTOMOTIVE BRASIL LTDA   1911201200000000199175600000000000000000000000000000019112012000000001991756000000000000000905                                     00                
03300015         000005000000000002360616000000000000000000                                                                                                                                                                                     
03300021C2031030 205437537000137003300650049002805030006550000480000414 AUTO GERAL DE ITU LTDA                                                AV DR OCTAVIANO PEREIRA MENDES01333               ITU                 13301000SP                  
0330002300001J00034191552000000055501125112460380076000777000CENTER PECAS FABBRI LTDA      1711201200000000000555000000000000000000000000000000019112012000000000005550000000000000000857                                     00                
0330002300002J00034192552000000028501125112460200076000777000CENTER PECAS FABBRI LTDA      1711201200000000000285000000000000000000000000000000019112012000000000002850000000000000000858                                     00                
0330002300003J00034191552000000157201125112460790076000777000CENTER PECAS FABBRI LTDA      1711201200000000001572000000000000000000000000000000019112012000000000015720000000000000000859                                     00                
0330002300004J00034193552000000090001125112460120076000777000CENTER PECAS FABBRI LTDA      1711201200000000000900000000000000000000000000000000019112012000000000009000000000000000000860                                     00                
0330002300005J00000195552000000839000000001563680000002948017DIRECOES HIDRAULICAS LONDRINA 1711201200000000008390000000000000000000000000000000019112012000000000083900000000000000000861                                     00                
0330002300006J00034191552000000161431124332433032938000052000EATON LTDA                    1711201200000000001614300000000000000000000000000000019112012000000000016143000000000000000862                                     00                
0330002300007J00034193552000000119371124332432952938000052000EATON LTDA                    1711201200000000001193700000000000000000000000000000019112012000000000011937000000000000000863                                     00                
0330002300008J00034191552000000022481125192457272938000052000EATON LTDA                    1711201200000000000224800000000000000000000000000000019112012000000000002248000000000000000864                                     00                
0330002300009J00034191552000000850791125192458182938000052000EATON LTDA                    1711201200000000008507900000000000000000000000000000019112012000000000085079000000000000000865                                     00                
0330002300010J00034198552000000618191124177871436676980086000NOVA DISTR DE VEICULOS LTDA   1711201200000000006181900000000000000000000000000000019112012000000000061819000000000000000866                                     00                
0330002300011J00023799552000002837342500090256566626900000340ODAPEL DISTR DE AUTO PECAS LTD1711201200000000028373400000000000000000000000000000019112012000000000283734000000000000000867                                     00                
0330002300012J00023793552000002820922500090256566627000000340ODAPEL DISTR DE AUTO PECAS LTD1711201200000000028209200000000000000000000000000000019112012000000000282092000000000000000868                                     00                
0330002300013J00000195552000000420260000002096856000001932017PRV COM DE PECAS LTDA         1711201200000000004202600000000000000000000000000000019112012000000000042026000000000000000869                                     00                
0330002300014J00034197552100000027301125153896850076000777000CENTER PECAS FABBRI LTDA      1811201200000000000273000000000000000000000000000000019112012000000000002730000000000000000870                                     00                
0330002300015J00034197552100001463931124370011112938000052000EATON LTDA                    1811201200000000014639300000000000000000000000000000019112012000000000146393000000000000000871                                     00                
0330002300016J00034191552100000685541124370020022938000052000EATON LTDA                    1811201200000000006855400000000000000000000000000000019112012000000000068554000000000000000872                                     00                
0330002300017J00034191552100000166311125094270952938000052000EATON LTDA                    1811201200000000001663100000000000000000000000000000019112012000000000016631000000000000000873                                     00                
0330002300018J00034194552100000097121125275001392938000052000EATON LTDA                    1811201200000000000971200000000000000000000000000000019112012000000000009712000000000000000874                                     00                
0330002300019J00034194552100000142871125275001472938000052000EATON LTDA                    1811201200000000001428700000000000000000000000000000019112012000000000014287000000000000000875                                     00                
0330002300020J00034199552100000349691124258912752938107808000ELIVEL AUTOMOTORES LTDA       1811201200000000003496900000000000000000000000000000019112012000000000034969000000000000000876                                     00                
0330002300021J00023791552100000808002229091322931651300144050FLEX COM DE PECAS AUTOMOTIVA L1811201200000000008080000000000000000000000000000000019112012000000000080800000000000000000877                                     00                
0330002300022J00023792552100000406002199090000011364600203330JBI COMERCIAL DE PLASTICOS REF1811201200000000004060000000000000000000000000000000019112012000000000040600000000000000000878                                     00                
0330002300023J00000191552100000188990000001216979441720591231NOVA DISTRIBUIDORA DE VEICULOS1811201200000000001889900000000000000000000000000000019112012000000000018899000000000000000879                                     00                
0330002300024J00023799552100000147832500090256566750600000340ODAPEL DISTR DE AUTO PECAS LTD1811201200000000001478300000000000000000000000000000019112012000000000014783000000000000000880                                     00                
0330002300025J00034192552100000363001124764345790384625000000PECAS AUTOMOTIVAS ZEENE LTDA  1811201200000000003630000000000000000000000000000000019112012000000000036300000000000000000881                                     00                
0330002300026J00000191552100002526900000002096856000001639817PRV COM DE PECAS LTDA         1811201200000000025269000000000000000000000000000000019112012000000000252690000000000000000882                                     00                
0330002300027J00000198552100001782270000002096856000001954617PRV COM DE PECAS LTDA         1811201200000000017822700000000000000000000000000000019112012000000000178227000000000000000883                                     00                
0330002300028J00000197552100000380100000002096856000001953617PRV COM DE PECAS LTDA         1811201200000000003801000000000000000000000000000000019112012000000000038010000000000000000884                                     00                
0330002300029J00023792552100001444653395061180232809100028140ROCHESTER DISTR DE AUTOPECAS S1811201200000000014446500000000000000000000000000000019112012000000000144465000000000000000885                                     00                
0330002300030J00023799552100000396013395090000004757200650000SORANA SUL                    1811201200000000003960100000000000000000000000000000019112012000000000039601000000000000000886                                     00                
0330002300031J00000195552200000397821823850324329130010401917CAMPINAS DIESEL LTDA          1911201200000000003978200000000000000000000000000000019112012000000000039782000000000000000887                                     00                
0330002300032J00000192552200001242000441720127619140000100711CDMD COM DE VEICULOS AUTOMOTOR1911201200000000012420000000000000000000000000000000019112012000000000124200000000000000000888                                     00                
0330002300033J00000197552200000192000441720127919140000100711CDMD COM DE VEICULOS AUTOMOTOR1911201200000000001920000000000000000000000000000000019112012000000000019200000000000000000889                                     00                
0330002300034J00023795552200005505840119060000000918400682000CORCERAMA COM DE AUTOPECAS LTD1911201200000000055058400000000000000000000000000000019112012000000000550584000000000000000890                                     00                
0330002300035J00000197552200002758724584341666900370004790718DB DISTRIBUIDORA DE BATERIA LT1911201200000000027587200000000000000000000000000000019112012000000000275872000000000000000891                                     00                
0330002300036J00000196552200002508284584341667000370004790718DB DISTRIBUIDORA DE BATERIA LT1911201200000000025082800000000000000000000000000000019112012000000000250828000000000000000892                                     00                
0330002300037J00023798552200000261320138092296000004101453000OBB CONSULTORIA E PARTICIPACOE1911201200000000002613200000000000000000000000000000019112012000000000026132000000000000000893                                     00                
0330002300038J00034199552200000080991124849267492938000052000EATON  LTDA                   1911201200000000000809900000000000000000000000000000019112012000000000008099000000000000000894                                     00                
0330002300039J00034195552200000284371125274809772938000052000EATON  LTDA                   1911201200000000002843700000000000000000000000000000019112012000000000028437000000000000000895                                     00                
0330002300040J00034197552200000049171124849267722938000052000EATON  LTDA                   1911201200000000000491700000000000000000000000000000019112012000000000004917000000000000000896                                     00                
0330002300041J00034191552200000067101125275010952938000052000EATON  LTDA                   1911201200000000000671000000000000000000000000000000019112012000000000006710000000000000000897                                     00                
0330002300042J00034195552200000455561123517476730046365078000FELICIO VIGORITO FILHOS LTDA  1911201200000000004555600000000000000000000000000000019112012000000000045556000000000000000898                                     00                
0330002300043J00034195552200005500151090304026150109276204000GIRANDO COMERCIO DE PECAS LTDA1911201200000000055001500000000000000000000000000000019112012000000000550015000000000000000899                                     00                
0330002300044J00023793552200001199003180091322841296200158190GUPE DISTR DE AUTOPECAS LTDA  1911201200000000011990000000000000000000000000000000019112012000000000119900000000000000000900                                     00                
0330002300045J00034194552200004776001570328958050069637890000HT COMPONENTES AUTOMOTIVOS LTD1911201200000000047760000000000000000000000000000000019112012000000000477600000000000000000901                                     00                
0330002300046J00035691552200000354600409503986790000000240402ITA PECAS PARA VEIC COM E SERV1911201200000000003546000000000000000000000000000000019112012000000000035460000000000000000902                                     00                
0330002300047J00034198000000000000001748981577420762503555000L.P. E L.S IND C A PC LT EPP  1911201200000000038922400000000000000000000000000000019112012000000000389224000000000000000906                                     00                
0330002300048J00023794552200000185003372097672307832300536350MAGGI MOTOS LTDA              1911201200000000001850000000000000000000000000000000019112012000000000018500000000000000000907                                     00                
0330002300049J00034191552200000745011123262182068351016152000MANDO MACHINERY LTDA          1911201200000000007450100000000000000000000000000000019112012000000000074501000000000000000908                                     00                
0330002300050J00023791552200001280283394090000010042000324600MORELATE DISTR AUTOPECAS LTDA 1911201200000000012802800000000000000000000000000000019112012000000000128028000000000000000909                                     00                
0330002300051J00023794552200000275503484092275000123001129000PETRONAS LUBRIFICANTES BRASIL 1911201200000000002755000000000000000000000000000000019112012000000000027550000000000000000910                                     00                
0330002300052J00023792552200007338763484092275000074701129000PETRONAS LUBRIFICANTES BRASIL 1911201200000000073387600000000000000000000000000000019112012000000000733876000000000000000911                                     00                
0330002300053J00023799552200002669293484092275000075001129000PETRONAS LUBRIFICANTES BRASIL 1911201200000000026692900000000000000000000000000000019112012000000000266929000000000000000912                                     00                
0330002300054J00023791552200000233323484092291000014101129000PETRONAS LUBRIFICANTES BRASIL 1911201200000000002333200000000000000000000000000000019112012000000000023332000000000000000913                                     00                
0330002300055J00034191552200000942761125543475290191074004000POLIPECAS COMERCIAL E IMPORTAD1911201200000000009427600000000000659900000000000000019112012000000000087677000000000000000914                                     00                
0330002300056J00000197552200000773600000002096856000001964717PRV COMERCIO DE PECAS LTDA    1911201200000000007736000000000000000000000000000000019112012000000000077360000000000000000915                                     00                
0330002300057J00039991552200004420732053169139405313093513001REAL MOTO PECAS LTDA          1911201200000000044207300000000000000000000000000000019112012000000000442073000000000000000916                                     00                
0330002300058J00000192552200001896670000001244482993004405417RPT DISTRIBUIDORA DE AUTO PCS 1911201200000000018966700000000000000000000000000000019112012000000000189667000000000000000917                                     00                
0330002300059J00000194552200000393330000001244482993004997217RPT DISTRIBUIDORA DE AUTO PCS 1911201200000000003933300000000000000000000000000000019112012000000000039333000000000000000918                                     00                
0330002300060J00039998552200001333221763540903704540575219001TRELLEBORG AUTOMOTIVE DO BRASI1911201200000000013332200000000000000000000000000000019112012000000000133322000000000000000919                                     00                
0330002300061J00023791552200001381183178190000018191800421050TUPER DISTRIB. PROD. METALURGI1911201200000000013811800000000000000000000000000000019112012000000000138118000000000000000920                                     00                
0330002300062J00039991552200000693111763026944004540079149001BANCO SOFISA SA               1911201200000000006931100000000000000000000000000000019112012000000000069311000000000000000921                                     00                
0330002300063J00039994552200000021881763026945804540079149001BANCO SOFISA SA               1911201200000000000218800000000000000000000000000000019112012000000000002188000000000000000922                                     00                
0330002300064J00000194552200000400009946819946819900302907221SICAP SIND COM ATAC IMP EXP E 1911201200000000004000000000000000000000000000000000019112012000000000040000000000000000000923                                     00                
03300025         000066000000000007484030000000000000000000                                                                                                                                                                                     
03300031C2017010 205437537000137003300650049002805030006550000480000414 AUTO GERAL DE ITU LTDA                                                AV DR OCTAVIANO PEREIRA MENDES01333               ITU                 13301000SP                  
0330003300001N000925                                     AUTO GERAL DE ITU LTDA        19112012000000002273180002100020543753700013717102012000000001885840000000000387340000000000000000                                                       
0330003300002B   205437537000137                              00000                                                  00000000  191120120000000000000000000000000000000000000000000000000000000000000000000000000000              0000000        
0330003300003N000926                                     AUTO GERAL DE ITU LTDA FILIAL 19112012000000000527662002100020543753700021817102012000000000441239000000000086423000000000000000                                                       
0330003300004B   000000000000000                              00000                                                  00000000  191120120000000000000000000000000000000000000000000000000000000000000000000000000000              0000000        
0330003300005N000927                                     AUTO GERAL DE ITU LTDA FILIAL 19112012000000000606477002100020543753700030717102012000000000505803000000000100674000000000000000                                                       
0330003300006B   000000000000000                              00000                                                  00000000  191120120000000000000000000000000000000000000000000000000000000000000000000000000000              0000000        
0330003300007N000928                                     AUTO GERAL DE ITU LTDA FILIAL 19112012000000000347162002100020543753700048017102012000000000290803000000000056359000000000000000                                                       
0330003300008B   000000000000000                              00000                                                  00000000  191120120000000000000000000000000000000000000000000000000000000000000000000000000000              0000000        
0330003300009N000929                                     AUTO GERAL DE ITU LTDA FILIAL 19112012000000000719119002100020543753700056017102012000000000603056000000000116063000000000000000                                                       
0330003300010B   000000000000000                              00000                                                  00000000  191120120000000000000000000000000000000000000000000000000000000000000000000000000000              0000000        
0330003300011N000930                                     AUTO GERAL DE ITU LTDA. PORTO 19112012000000000394970002100020543753700064117102012000000000330922000000000064048000000000000000                                                       
0330003300012B   000000000000000                              00000                                                  00000000  191120120000000000000000000000000000000000000000000000000000000000000000000000000000              0000000        
03300035         000014000000000004868570                                                                                                                                                                                                       
03300041C2016010 205437537000137003300650049002805030006550000480000414 AUTO GERAL DE ITU LTDA                                                AV DR OCTAVIANO PEREIRA MENDES01333               ITU                 13301000SP                  
0330004300001N000931                                     AUTO GERAL DE ITU LTDA        19112012000000000056267000561020543753700013716311020120000000000000000000000000005626700000000000000000000000000000019112012                            
0330004300002B   205437537000137                              00000                                                  00000000  191120120000000000000000000000000000000000000000000000000000000000000000000000000000              0000000        
03300045         000004000000000000056267                                                                                                                                                                                                       
03399999         000004000091                                                                                                                                                                                                                   
