03300000         2054375370001370033006500490028050300065 0000480000414 AUTO GERAL DE ITU LTDA        BANCO SANTANDER                         12012201215555400005906000000                                        G4016PF00528               G4
03300011C2030030 205437537000137003300650049002805030006550000480000414 AUTO GERAL DE ITU LTDA                                                AV DR OCTAVIANO PEREIRA MENDES01333               ITU                 13301000SP                  
0330001300001J00003396555400002358869482966200000022426990104CAR CENTRAL DE AUTOPECAS E ROL21122012000000000235886000000000030000000000000000000211220120000000002058860000000000000002079                                    00                
0330001300002J00003391555400002576909513931700000103576100101DISTRIBUIDORA AUTOMOTIVA S/A  21122012000000000257690000000000000000000000000000000211220120000000002576900000000000000002092                                    00                
0330001300003J00003391555400001616119513931700000103574910101DISTRIBUIDORA AUTOMOTIVA S/A  21122012000000000161611000000000000000000000000000000211220120000000001616110000000000000002097                                    00                
0330001300004J00003391555400003232349499820000000000287110104KS PRODUTOS AUTOMOTIVOS LTDA  21122012000000000323234000000000000000000000000000000211220120000000003232340000000000000002109                                    00                
0330001300005J00003396555400005011289499820000000000287200104KS PRODUTOS AUTOMOTIVOS LTDA  21122012000000000501128000000000000000000000000000000211220120000000005011280000000000000002110                                    00                
0330001300006J00003397555400000638439489019100000092118370104KSPG AUTOMOTIVE BRASIL LTDA   21122012000000000063843000000000000000000000000000000211220120000000000638430000000000000002111                                    00                
0330001300007J00003396555400006962329489019100000092118450104KSPG AUTOMOTIVE BRASIL LTDA   21122012000000000696232000000000000000000000000000000211220120000000006962320000000000000002112                                    00                
0330001300008J00003391555400013293779489019100000092118530104KSPG AUTOMOTIVE BRASIL LTDA   21122012000000001329377000000000000000000000000000000211220120000000013293770000000000000002113                                    00                
0330001300009J00003391555400000876979474127700000006981210203LUPORINI DISTR DE AUTOPECAS LT21122012000000000087697000000000000000000000000000000211220120000000000876970000000000000002115                                    00                
0330001300010J00003398555400001147229537802800000000006480203SPARX IND E COM DE PECAS AUTO 21122012000000000114722000000000000000000000000000000211220120000000001147220000000000000002116                                    00                
0330001300011J00003392555400000945009133966400000000326460102LAMACE COM IMP EXP LTDA       21122012000000000094500000000000000000000000000000000211220120000000000945000000000000000002131                                    00                
03300015         000013000000000003835920000000000000000000                                                                                                                                                                                     
03300021C2031030 205437537000137003300650049002805030006550000480000414 AUTO GERAL DE ITU LTDA                                                AV DR OCTAVIANO PEREIRA MENDES01333               ITU                 13301000SP                  
0330002300001J00023798555400002215001316090000009435900009000APS DISTRIBUIDORA DE AUTOPECAS21122012000000000221500000000000000000000000000000000211220120000000002215000000000000000002075                                    00                
0330002300002J00023794555400000233343371090000833802200719500AVEBRAZ COMERCIO DE VEICULOS E21122012000000000023334000000000000000000000000000000211220120000000000233340000000000000002076                                    00                
0330002300003J00039994555400000821021765467598811960078237001BAP AUTOMOTIVA LTDA           21122012000000000082102000000000000000000000000000000211220120000000000821020000000000000002077                                    00                
0330002300004J00034191555400000480001126129016631248021303000BANCO FIBRA SA                21122012000000000048000000000000000000000000000000000211220120000000000480000000000000000002078                                    00                
0330002300005J00034197555400000110501126305763560076000777000CENTER PECAS FABBRI LTDA      21122012000000000011050000000000000000000000000000000211220120000000000110500000000000000002080                                    00                
0330002300006J00034192555400000199501126124247320076000777000CENTER PECAS FABBRI LTDA      21122012000000000019950000000000000000000000000000000211220120000000000199500000000000000002081                                    00                
0330002300007J00034193555400000021001126124246820076000777000CENTER PECAS FABBRI LTDA      21122012000000000002100000000000000000000000000000000211220120000000000021000000000000000002082                                    00                
0330002300008J00034197555400000063001126124246740076000777000CENTER PECAS FABBRI LTDA      21122012000000000006300000000000000000000000000000000211220120000000000063000000000000000002083                                    00                
0330002300009J00034198555400000469101126452257590360545834000COBRA ROLAMENTOS E AUTO PECAS 21122012000000000046910000000000000000000000000000000211220120000000000469100000000000000002084                                    00                
0330002300010J00023795555400000230823262090000030444800935470COMDIP COMERCIAL DISTR DE PECA21122012000000000023082000000000000000000000000000000211220120000000000230820000000000000002085                                    00                
0330002300011J00023798555400000353662002061201380326100829680COMERCIAL AUTOMOTIVA S.A.     21122012000000000035366000000000000000000000000000000211220120000000000353660000000000000002086                                    00                
0330002300012J00023796555400000207642002061201380327100829680COMERCIAL AUTOMOTIVA S.A.     21122012000000000020764000000000000000000000000000000211220120000000000207640000000000000002087                                    00                
0330002300013J00000191555400002028000000001533842442545617311COML FIX IMPL RODOVIARIOS LTDA21122012000000000202800000000000000000000000000000000211220120000000002028000000000000000002088                                    00                
0330002300014J00034191555400000482521570827405364522114471000COML NV MILLENNIUN A P LTDA EP21122012000000000048252000000000002412000000000000000211220120000000000458400000000000000002089                                    00                
0330002300015J00000197555400000173210000001011760000003838318COMPEL DISTR E COM DE AUTO PEC21122012000000000017321000000000000000000000000000000211220120000000000173210000000000000002090                                    00                
0330002300016J00023791555400000446150501092342000001000468660DIP DISTRIBUIDORA DE PECAS LTD21122012000000000044615000000000000000000000000000000211220120000000000446150000000000000002091                                    00                
0330002300017J00035698555400003196490689070323400000004894732DISTRIBUIDORA AUTOMOTIVA S/A  21122012000000000319649000000000000000000000000000000211220120000000003196490000000000000002093                                    00                
0330002300018J00035693555400001907220689070323490000005561992DISTRIBUIDORA AUTOMOTIVA S/A  21122012000000000190722000000000000000000000000000000211220120000000001907220000000000000002094                                    00                
0330002300019J00035691555400000141820689070323400000004894765DISTRIBUIDORA AUTOMOTIVA S/A  21122012000000000014182000000000000000000000000000000211220120000000000141820000000000000002095                                    00                
0330002300020J00035692555400000197710689070323410000004894574DISTRIBUIDORA AUTOMOTIVA S/A  21122012000000000019771000000000000000000000000000000211220120000000000197710000000000000002096                                    00                
0330002300021J00035691555400000761290689070323430000004894770DISTRIBUIDORA AUTOMOTIVA S/A  21122012000000000076129000000000000000000000000000000211220120000000000761290000000000000002098                                    00                
0330002300022J00035694555400000291550689070323490000004894683DISTRIBUIDORA AUTOMOTIVA S/A  21122012000000000029155000000000000000000000000000000211220120000000000291550000000000000002099                                    00                
0330002300023J00023799555400000261870138092328000003001453000OBB CONSULTORIA E PARTICIPACOE21122012000000000026187000000000000000000000000000000211220120000000000261870000000000000002100                                    00                
0330002300024J00034194555400000200591125779425202938000052000EATON LTDA                    21122012000000000020059000000000000000000000000000000211220120000000000200590000000000000002101                                    00                
0330002300025J00034194555400000327571125779424392938000052000EATON LTDA                    21122012000000000032757000000000000000000000000000000211220120000000000327570000000000000002102                                    00                
0330002300026J00039991555400000671601764692767604570524809001F CONFUORTO IND COM PCS LTDA  21122012000000000067160000000000000000000000000000000211220120000000000671600000000000000002103                                    00                
0330002300027J00034198555400000357621098887875570046365078000FELICIO VIGORITO FILHOS LTDA  21122012000000000035762000000000000000000000000000000211220120000000000357620000000000000002104                                    00                
0330002300028J00034192555400000408401126196922400046365078000FELICIO VIGORITO FILHOS LTDA  21122012000000000040840000000000000000000000000000000211220120000000000408400000000000000002105                                    00                
0330002300029J00034192555400000586661125884107800765234976000GIANCAR DISTR AUTO PECAS LTDA 21122012000000000058666000000000000000000000000000000211220120000000000586660000000000000002106                                    00                
0330002300030J00034191555400000713741090304200050109276204000GIRANDO COMERCIO DE PECAS LTDA21122012000000000071374000000000000000000000000000000211220120000000000713740000000000000002107                                    00                
0330002300031J00034196555400000344761090008546192938050420000ITA PECAS PARA VEIC COM E SERV21122012000000000034476000000000000000000000000000000211220120000000000344760000000000000002108                                    00                
0330002300032J00000196555400000640790441975780333200001050131LUPORINI DISTR DE AUTOPECAS LT21122012000000000064079000000000000000000000000000000211220120000000000640790000000000000002114                                    00                
0330002300033J00023793555400000127402500090256568623900000340ODAPEL DISTRIBUIDORA DE AUTO P21122012000000000012740000000000000000000000000000000211220120000000000127400000000000000002117                                    00                
0330002300034J00023792555400000903922500090256568668200000340ODAPEL DISTRIBUIDORA DE AUTO P21122012000000000090392000000000000000000000000000000211220120000000000903920000000000000002118                                    00                
0330002300035J00039994555400000720428144666801304540096965001PELLEGRINO DISTRIBUIDORA DE AU21122012000000000072042000000000000000000000000000000211220120000000000720420000000000000002119                                    00                
0330002300036J00039991555400000600466696534216904540096965001PELLEGRINO DISTRIBUIDORA DE AU21122012000000000060046000000000000000000000000000000211220120000000000600460000000000000002120                                    00                
0330002300037J00039999555400000789688145175035604540096965001PELLEGRINO DISTRIBUIDORA DE AU21122012000000000078968000000000000000000000000000000211220120000000000789680000000000000002121                                    00                
0330002300038J00034192555400005100501126948369850191074004000POLIPECAS COMERCIAL E IMPORTAD21122012000000000510050000000000035704000000000000000211220120000000004743460000000000000002122                                    00                
0330002300039J00000196555400003164260443034998207180000403211RADIEX QUIMICA LTDA           21122012000000000316426000000000000000000000000000000211220120000000003164260000000000000002123                                    00                
0330002300040J00039993555400005599692315314971205313093513001REAL MOTO PECAS LTDA          21122012000000000559969000000000000000000000000000000211220120000000005599690000000000000002124                                    00                
0330002300041J00039998555400000466462315313885005313093513001REAL MOTO PECAS LTDA          21122012000000000046646000000000000000000000000000000211220120000000000466460000000000000002125                                    00                
0330002300042J00039991555400002295612315315686705313093513001REAL MOTO PECAS LTDA          21122012000000000229561000000000000000000000000000000211220120000000002295610000000000000002126                                    00                
0330002300043J00000193555400000081270442864677219140000644711SHARK TRATORES E PECAS LTDA   21122012000000000008127000000000000000000000000000000211220120000000000081270000000000000002127                                    00                
0330002300044J00039994555400000190031764724274004540079149001BANCO SOFISA SA               21122012000000000019003000000000000000000000000000000211220120000000000190030000000000000002128                                    00                
0330002300045J00039997555400000418411764724275804540079149001BANCO SOFISA SA               21122012000000000041841000000000000000000000000000000211220120000000000418410000000000000002129                                    00                
0330002300046J00034191558300014654001092204783132938014558000SODEXO PASS DO BRASIL SERV. CO19012013000000001465400000000000000000000000000000000211220120000000014654000000000000000002130                                    00                
0330002300047J00023791555400005563600448051009080302501533990BRADESCO SAUDE S/A            21122012000000000556360000000000000000000000000000000211220120000000005563600000000000000002132                                    00                
0330002300048J00023791555400002058282372196600097946600360080TELEFONICA BRASIL S/A         21122012000000000205828000000000000000000000000000000211220120000000002058280000000000000002133                                    00                
03300025         000050000000000006189697000000000000000000                                                                                                                                                                                     
03399999         000002000065                                                                                                                                                                                                                   
