03300000         2054375370001370033006500490028050300065 0000480000414 AUTO GERAL DE ITU LTDA        BANCO SANTANDER                         12012201210045000005806000000                                        G4016PF00528               G4
03300011C2003031 2054375370001370033006500490028050300065 0000480000414 AUTO GERAL DE ITU LTDA                                                AV DR OCTAVIANO PEREIRA MENDES01333               ITU                 13301000SP                  
0330001300001A0000183410024900000000008897 DRIVEWAY INDUSTRIA BRASILEIRA 2074                20122012BRL000000000000000000000000562003                    00000000000000000000000                                        07          0          
0330001300002B   261270369000109                              00000                                                  00000000  201220120000000005620030000000000000000000000000000000000000000000000000000000000000000           00000          
03300015         000004000000000000562003000000000000000000                                                                                                                                                                                     
03300021C2030030 205437537000137003300650049002805030006550000480000414 AUTO GERAL DE ITU LTDA                                                AV DR OCTAVIANO PEREIRA MENDES01333               ITU                 13301000SP                  
0330002300001J00003397555300003935519472544100000001164160104CINPAL CIA IND DE PECAS P/ AUT20122012000000000393551000000000000000000000000000000201220120000000003935510000000000000002027                                    00                
0330002300002J00003399555300000145099472544100000001164590104CINPAL CIA IND DE PECAS P/ AUT20122012000000000014509000000000000000000000000000000201220120000000000145090000000000000002028                                    00                
0330002300003J00003399555300000456269474127700000006976800203LUPORINI DISTR DE AUTOPECAS LT20122012000000000045626000000000000000000000000000000201220120000000000456260000000000000002039                                    00                
0330002300004J00003391555300000858759184001020020000249000104MARIA HENRIQUETA SILVA TROFINO20122012000000000085875000000000000000000000000000000201220120000000000858750000000000000002042                                    00                
0330002300005J00003394555300000240009128400200000000393810104COOPER PUBLICACOES SC LTDA    20122012000000000024000000000000000000000000000000000201220120000000000240000000000000000002057                                    00                
03300025         000007000000000000563561000000000000000000                                                                                                                                                                                     
03300031C2031030 205437537000137003300650049002805030006550000480000414 AUTO GERAL DE ITU LTDA                                                AV DR OCTAVIANO PEREIRA MENDES01333               ITU                 13301000SP                  
0330003300001J00034196555300003279551126394859970390497683000AUTIMEX COM IMPORTACAO E EXPOR20122012000000000327955000000000000000000000000000000201220120000000003279550000000000000002019                                    00                
0330003300002J00023794555300000053853371090000833798800719500AVEBRAZ COMERCIO DE VEICULOS E20122012000000000005385000000000000000000000000000000201220120000000000053850000000000000002020                                    00                
0330003300003J00039992555300001282561765390846611960078237001BAP AUTOMOTIVA LTDA           20122012000000000128256000000000000000000000000000000201220120000000001282560000000000000002021                                    00                
0330003300004J00039992555300001243501765390847411960078237001BAP AUTOMOTIVA LTDA           20122012000000000124350000000000000000000000000000000201220120000000001243500000000000000002022                                    00                
0330003300005J00039991555300003948911765390848211960078237001BAP AUTOMOTIVA LTDA           20122012000000000394891000000000000000000000000000000201220120000000003948910000000000000002023                                    00                
0330003300006J00039998555300000840171765390845811960078237001BAP AUTOMOTIVA LTDA           20122012000000000084017000000000000000000000000000000201220120000000000840170000000000000002024                                    00                
0330003300007J00023794555300000932003114091293598226401763000BANCO SAFRA S/A               20122012000000000093200000000000000000000000000000000201220120000000000932000000000000000002025                                    00                
0330003300008J00039997555300000377181765417530604061860231001CAR CENTRAL DE AUTOPECAS E ROL20122012000000000037718000000000000000000000000000000201220120000000000377180000000000000002026                                    00                
0330003300009J00000191555300000529000000001011760000003834118COMPEL DISTR E COM DE AUTO PEC20122012000000000052900000000000000000000000000000000201220120000000000529000000000000000002029                                    00                
0330003300010J00000191555300000481900000001011760000003834318COMPEL DISTR E COM DE AUTO PEC20122012000000000048190000000000000000000000000000000201220120000000000481900000000000000002030                                    00                
0330003300011J00034194555300001116891126557338580078267192000DISTRIBUIDORA DE PECAS PARA AU20122012000000000111689000000000000000000000000000000201220120000000001116890000000000000002031                                    00                
0330003300012J00035694555300001036120689070323400000004894344DISTRIBUIDORA AUTOMOTIVA S/A  20122012000000000103612000000000000000000000000000000201220120000000001036120000000000000002032                                    00                
0330003300013J00035699555300000201130689070323410000004894327DISTRIBUIDORA AUTOMOTIVA S/A  20122012000000000020113000000000000000000000000000000201220120000000000201130000000000000002033                                    00                
0330003300014J00035696555300000173820689070323430000004894325DISTRIBUIDORA AUTOMOTIVA S/A  20122012000000000017382000000000000000000000000000000201220120000000000173820000000000000002034                                    00                
0330003300015J00035691555300000242960689070323400000004894336DISTRIBUIDORA AUTOMOTIVA S/A  20122012000000000024296000000000000000000000000000000201220120000000000242960000000000000002035                                    00                
0330003300016J00034197555300006610681126679308980249017377000DRIVEWAY INDUSTRIA BRASILEIRA 20122012000000000661068000000000000000000000000000000201220120000000006610680000000000000002036                                    00                
0330003300017J00034193555300000158801090304187440109276204000GIRANDO COMERCIO DE PECAS LTDA20122012000000000015880000000000000000000000000000000201220120000000000158800000000000000002037                                    00                
0330003300018J00034192555300004951591126564196630125675405000IND E COM AUTO PECAS REI LTDA 20122012000000000495159000000000000000000000000000000201220120000000004951590000000000000002038                                    00                
0330003300019J00023791555300000154103372090000005669300584500MAGGI CAMINHOES LTDA          20122012000000000015410000000000000000000000000000000201220120000000000154100000000000000002040                                    00                
0330003300020J00034199555300000749301124294085638351016152000MANDO MACHINERY LTDA          20122012000000000074930000000000000000000000000000000201220120000000000749300000000000000002041                                    00                
0330003300021J00023793555300000445903394090000013061800324600MORELATE DISTRIBUIDORA DE AUTO20122012000000000044590000000000000000000000000000000201220120000000000445900000000000000002043                                    00                
0330003300022J00039993555300001202676696534188004540096965001PELLEGRINO DISTRIBUIDORA DE AU20122012000000000120267000000000000000000000000000000201220120000000001202670000000000000002044                                    00                
0330003300023J00039998555300001422928144666709204540096965001PELLEGRINO DISTRIBUIDORA DE AU20122012000000000142292000000000000000000000000000000201220120000000001422920000000000000002045                                    00                
0330003300024J00039991555300001025892696546243004540096965001PELLEGRINO DISTRIBUIDORA DE AU20122012000000000102589000000000000000000000000000000201220120000000001025890000000000000002046                                    00                
0330003300025J00039991555300000979118144666689404540096965001PELLEGRINO DISTRIBUIDORA DE AU20122012000000000097911000000000000000000000000000000201220120000000000979110000000000000002047                                    00                
0330003300026J00039991555300001102708144666692404540096965001PELLEGRINO DISTRIBUIDORA DE AU20122012000000000110270000000000000000000000000000000201220120000000001102700000000000000002048                                    00                
0330003300027J00039999555300000605848144666706804540096965001PELLEGRINO DISTRIBUIDORA DE AU20122012000000000060584000000000000000000000000000000201220120000000000605840000000000000002049                                    00                
0330003300028J00039997555300000908686696534187104540096965001PELLEGRINO DISTRIBUIDORA DE AU20122012000000000090868000000000000000000000000000000201220120000000000908680000000000000002050                                    00                
0330003300029J00039995555300001358152696546240504540096965001PELLEGRINO DISTRIBUIDORA DE AU20122012000000000135815000000000000000000000000000000201220120000000001358150000000000000002051                                    00                
0330003300030J00039998555300000687742315311455205313093513001REAL MOTO PECAS LTDA          20122012000000000068774000000000000000000000000000000201220120000000000687740000000000000002052                                    00                
0330003300031J00039995555300000748402315311370005313093513001REAL MOTO PECAS LTDA          20122012000000000074840000000000000000000000000000000201220120000000000748400000000000000002053                                    00                
0330003300032J00023796555300000861513395061180232846300028140ROCHESTER DISTRIBUIDORA DE AUT20122012000000000086151000000000000000000000000000000201220120000000000861510000000000000002054                                    00                
0330003300033J00000191555300000089880000002175416000002871417SK AUTOMOTIVE S/A DISTR AUTOPE20122012000000000008988000000000000000000000000000000201220120000000000089880000000000000002055                                    00                
0330003300034J00034198555300000100001090002046670041791401000GIBIM SEGURANCA ELETRONICA LTD20122012000000000010000000000000000000000000000000000201220120000000000100000000000000000002056                                    00                
0330003300035J00000194555300000095000000002219956000064729018SERVTRONICA SEGURANCA ELETRONI20122012000000000009500000000000000000000000000000000201220120000000000095000000000000000002058                                    00                
0330003300036J00023791555300000003440364060000212105500001400PREFEITURA MUNICIPAL DE PORTO 20122012000000000000344000000000000000000000000000000201220120000000000003440000000000000002059                                    00                
0330003300037J00023798555300001129472372196600096559400360080TELECOMUNICACOES DE SAO PAULO 20122012000000000112947000000000000000000000000000000201220120000000001129470000000000000002060                                    00                
03300035         000039000000000004113131000000000000000000                                                                                                                                                                                     
03300041C2017010 205437537000137003300650049002805030006550000480000414 AUTO GERAL DE ITU LTDA                                                AV DR OCTAVIANO PEREIRA MENDES01333               ITU                 13301000SP                  
0330004300001N0002062                                    AUTO GERAL DE ITU LTDA        20122012000000003097216002100020543753700013717112012000000002605498000000000491718000000000000000                                                       
0330004300002B   205437537000137                              00000                                                  00000000  201220120000000000000000000000000000000000000000000000000000000000000000000000000000              0000000        
0330004300003N0002063                                    AUTO GERAL DE ITU LTDA - SALTO20122012000000000712394002100020543753700021817112012000000000601108000000000111286000000000000000                                                       
0330004300004B   000000000000000                              00000                                                  00000000  201220120000000000000000000000000000000000000000000000000000000000000000000000000000              0000000        
0330004300005N0002064                                    AUTO GERAL DE ITU LTDA - SOROC20122012000000000819566002100020543753700030717112012000000000689356000000000130210000000000000000                                                       
0330004300006B   000000000000000                              00000                                                  00000000  201220120000000000000000000000000000000000000000000000000000000000000000000000000000              0000000        
0330004300007N0002065                                    AUTO GERAL DE ITU LTDA FILIAL 20122012000000000408080002100020543753700048017112012000000000343702000000000064378000000000000000                                                       
0330004300008B   000000000000000                              00000                                                  00000000  201220120000000000000000000000000000000000000000000000000000000000000000000000000000              0000000        
0330004300009N0002066                                    AUTO GERAL DE ITU LTDA - INDAI20122012000000000875503002100020543753700056017112012000000000737240000000000138263000000000000000                                                       
0330004300010B   000000000000000                              00000                                                  00000000  201220120000000000000000000000000000000000000000000000000000000000000000000000000000              0000000        
0330004300011N0002067                                    AUTO GERAL DE ITU LTDA. PORTO 20122012000000000511482002100020543753700064117112012000000000430325000000000081157000000000000000                                                       
0330004300012B   000000000000000                              00000                                                  00000000  201220120000000000000000000000000000000000000000000000000000000000000000000000000000              0000000        
0330004300013N0002068                                    AUTO GERAL DE ITU LTDA        20122012000000002237455002100020543753700013717132012000000001872000000000000365455000000000000000                                                       
0330004300014B   205437537000137                              00000                                                  00000000  201220120000000000000000000000000000000000000000000000000000000000000000000000000000              0000000        
0330004300015N0002069                                    AUTO GERAL DE ITU LTDA - SALTO20122012000000000524848002100020543753700021817132012000000000441764000000000083084000000000000000                                                       
0330004300016B   000000000000000                              00000                                                  00000000  201220120000000000000000000000000000000000000000000000000000000000000000000000000000              0000000        
0330004300017N0002070                                    AUTO GERAL DE ITU LTDA - SOROC20122012000000000628430002100020543753700030717132012000000000527053000000000101377000000000000000                                                       
0330004300018B   000000000000000                              00000                                                  00000000  201220120000000000000000000000000000000000000000000000000000000000000000000000000000              0000000        
0330004300019N0002071                                    AUTO GERAL DE ITU LTDA FILIAL 20122012000000000274911002100020543753700048017132012000000000230563000000000044348000000000000000                                                       
0330004300020B   000000000000000                              00000                                                  00000000  201220120000000000000000000000000000000000000000000000000000000000000000000000000000              0000000        
0330004300021N0002072                                    AUTO GERAL DE ITU LTDA - INDAI20122012000000000666292002100020543753700056017132012000000000559866000000000106426000000000000000                                                       
0330004300022B   000000000000000                              00000                                                  00000000  201220120000000000000000000000000000000000000000000000000000000000000000000000000000              0000000        
0330004300023N0002073                                    AUTO GERAL DE ITU LTDA. PORTO 20122012000000000399101002100020543753700064117132012000000000335673000000000063428000000000000000                                                       
0330004300024B   000000000000000                              00000                                                  00000000  201220120000000000000000000000000000000000000000000000000000000000000000000000000000              0000000        
03300045         000026000000000011155278                                                                                                                                                                                                       
03300051C2022010 205437537000137003300650049002805030006550000480000414 AUTO GERAL DE ITU LTDA                                                AV DR OCTAVIANO PEREIRA MENDES01333               ITU                 13301000SP                  
0330005300001N0002061                                    AUTO GERAL DE ITU LTDA        2012201200000000053633600046202054375370001372220122012387034155115000000000000011201200000000000000000000005363360000000000000000000000000000           
0330005300002B   205437537000137                              00000                                                  00000000  201220120000000000000000000000000000000000000000000000000000000000000000000000000000              0000000        
03300055         000004000000000000536336                                                                                                                                                                                                       
03399999         000005000082                                                                                                                                                                                                                   
