03300000         2054375370001370033006500490028050300065 0000480000414 AUTO GERAL DE ITU LTDA        BANCO SANTANDER                         12002201310215200010206000000                                        G4016PF00529               G4
03300011C2003031 2054375370001370033006500490028050300065 0000480000414 AUTO GERAL DE ITU LTDA                                                AV DR OCTAVIANO PEREIRA MENDES01333               ITU                 13301000SP                  
0330001300001A0007003410016800000000435808 MEGA FREIOS DISTR E SERV P/ VE4162                20022013BRL000000000000000000000000190799                    00000000000000000000000                                        07          0          
0330001300002B   205197228000137                              00000                                                  00000000  200220130000000001907990000000000000000000000000000000000000000000000000000000000000000           00000          
0330001300003A0007002370055090000000316156 MOBENSANI COMERCIAL AUTOMOTIVA4163                20022013BRL000000000000000000000000124142                    00000000000000000000000                                        07          0          
0330001300004B   261246245000198                              00000                                                  00000000  200220130000000001241420000000000000000000000000000000000000000000000000000000000000000           00000          
03300015         000006000000000000314941000000000000000000                                                                                                                                                                                     
03300021C2030030 205437537000137003300650049002805030006550000480000414 AUTO GERAL DE ITU LTDA                                                AV DR OCTAVIANO PEREIRA MENDES01333               ITU                 13301000SP                  
0330002300001J00003396561500000319969421259200000000456590101GUMP MOTORS COMPONENTES AUTOMO20022013000000000031996000000000000000000000000000000200220130000000000319960000000000000004141                                    00                
03300025         000003000000000000031996000000000000000000                                                                                                                                                                                     
03300031C2031030 205437537000137003300650049002805030006550000480000414 AUTO GERAL DE ITU LTDA                                                AV DR OCTAVIANO PEREIRA MENDES01333               ITU                 13301000SP                  
0330003300001J00034194561500001652451128113310500390497683000AUTIMEX COM IMPORTACAO E EXPOR20022013000000000165245000000000000000000000000000000200220130000000001652450000000000000004122                                    00                
0330003300002J00039998561500003215471768758034611960078237001BAP AUTOMOTIVA LTDA           20022013000000000321547000000000000000000000000000000200220130000000003215470000000000000004123                                    00                
0330003300003J00039995561500000338931768758033811960078237001BAP AUTOMOTIVA LTDA           20022013000000000033893000000000000000000000000000000200220130000000000338930000000000000004124                                    00                
0330003300004J00034197561500001354001126364505151248021303000BANCO FIBRA SA                20022013000000000135400000000000000000000000000000000200220130000000001354000000000000000004125                                    00                
0330003300005J00034194561500000223651127871283810076000777000CENTER PECAS FABBRI LTDA      20022013000000000022365000000000000000000000000000000200220130000000000223650000000000000004126                                    00                
0330003300006J00034199561500000040501127871284560076000777000CENTER PECAS FABBRI LTDA      20022013000000000004050000000000000000000000000000000200220130000000000040500000000000000004127                                    00                
0330003300007J00023797561500000411472002061301404164100829680COMERCIAL AUTOMOTIVA S.A.     20022013000000000041147000000000000000000000000000000200220130000000000411470000000000000004128                                    00                
0330003300008J00000199561500009672524584340000000000100013421DB DISTRIBUIDORA DE BATERIAS L20022013000000000967252000000000000000000000000000000200220130000000009672520000000000000004129                                    00                
0330003300009J00000191561500000650634584340000000000100013321DB DISTRIBUIDORA DE BATERIAS L20022013000000000065063000000000000000000000000000000200220130000000000650630000000000000004130                                    00                
0330003300010J00035697561500000351700689070323470000003262587DISTRIBUIDORA AUTOMOTIVA S/A  20022013000000000035170000000000000000000000000000000200220130000000000351700000000000000004131                                    00                
0330003300011J00035693561500000194860689070323470000003262694DISTRIBUIDORA AUTOMOTIVA S/A  20022013000000000019486000000000000000000000000000000200220130000000000194860000000000000004132                                    00                
0330003300012J00035693561500000203640689070323410000005573920DISTRIBUIDORA AUTOMOTIVA S/A  20022013000000000020364000000000000000000000000000000200220130000000000203640000000000000004133                                    00                
0330003300013J00035697561500000236250689070323440000003262572DISTRIBUIDORA AUTOMOTIVA S/A  20022013000000000023625000000000000000000000000000000200220130000000000236250000000000000004134                                    00                
0330003300014J00034192561500000033551127899577042938000052000EATON LTDA                    20022013000000000003355000000000000000000000000000000200220130000000000033550000000000000004135                                    00                
0330003300015J00034191561500000258061127899577952938000052000EATON LTDA                    20022013000000000025806000000000000000000000000000000200220130000000000258060000000000000004136                                    00                
0330003300016J00034191561500000033551127899573572938000052000EATON LTDA                    20022013000000000003355000000000000000000000000000000200220130000000000033550000000000000004137                                    00                
0330003300017J00023799561500000175300328090000002103700185330GENAU IND COM DE FREIOS LTDA  20022013000000000017530000000000000000000000000000000200220130000000000175300000000000000004138                                    00                
0330003300018J00034195561500000100001090002046830041791401000GIBIM SEGURANCA ELETRONICA LTD20022013000000000010000000000000000000000000000000000200220130000000000100000000000000000004139                                    00                
0330003300019J00034195561500000133991090304503820109276204000GIRANDO COMERCIO DE PECAS LTDA20022013000000000013399000000000000000000000000000000200220130000000000133990000000000000004140                                    00                
0330003300020J00034197561500000946001127393978523909030599000HYDRONLUBZ IND C EQUIPAMENTOS 20022013000000000094600000000000000000000000000000000200220130000000000946000000000000000004142                                    00                
0330003300021J00035694561500000730050872071420310000000005109INDUSTRIA METALURGICA TUPA LTD20022013000000000073005000000000000000000000000000000200220130000000000730050000000000000004143                                    00                
0330003300022J00023797561500000765003372097672311671000767230MAGGI VEICULOS LTDA           20022013000000000076500000000000000000000000000000000200220130000000000765000000000000000004144                                    00                
0330003300023J00034191561500001281491127853073422938025125000MAHLE METAL LEVE S/A          20022013000000000128149000000000000000000000000000000200220130000000001281490000000000000004145                                    00                
0330003300024J00034199561500000226271127853073592938025125000MAHLE METAL LEVE S/A          20022013000000000022627000000000000000000000000000000200220130000000000226270000000000000004146                                    00                
0330003300025J00039991561500000492588144669627004540096965001PELLEGRINO DISTRIBUIDORA DE AU20022013000000000049258000000000000000000000000000000200220130000000000492580000000000000004147                                    00                
0330003300026J00039991561500000616702696553305104540096965001PELLEGRINO DISTRIBUIDORA DE AU20022013000000000061670000000000000000000000000000000200220130000000000616700000000000000004148                                    00                
0330003300027J00000195561500000095000000002219956000065845818SERVTRONICA SEGURANCA ELETRONI20022013000000000009500000000000000000000000000000000200220130000000000095000000000000000004149                                    00                
0330003300028J00023793561500000365393395090000005075700650000SORANA SUL                    20022013000000000036539000000000000000000000000000000200220130000000000365390000000000000004150                                    00                
0330003300029J00023799561500000412684130074130006028100050880SOUZA RAMOS COM E IMP LTDA    20022013000000000041268000000000000000000000000000000200220130000000000412680000000000000004151                                    00                
0330003300030J00039991561500000480231768732348304540079149001BANCO SOFISA SA               20022013000000000048023000000000000000000000000000000200220130000000000480230000000000000004152                                    00                
03300035         000032000000000002569191000000000000000000                                                                                                                                                                                     
03300041C2017010 205437537000137003300650049002805030006550000480000414 AUTO GERAL DE ITU LTDA                                                AV DR OCTAVIANO PEREIRA MENDES01333               ITU                 13301000SP                  
0330004300001N0004153                                    AUTO GERAL DE ITU LTDA        20022013000000002869254002100020543753700013717012013000000002419427000000000449827000000000000000                                                       
0330004300002B   205437537000137                              00000                                                  00000000  200220130000000000000000000000000000000000000000000000000000000000000000000000000000              0000000        
0330004300003N0004154                                    AUTO GERAL DE ITU LTDA - SALTO20022013000000000612936002100020543753700021817012013000000000512769000000000100167000000000000000                                                       
0330004300004B   000000000000000                              00000                                                  00000000  200220130000000000000000000000000000000000000000000000000000000000000000000000000000              0000000        
0330004300005N0004155                                    AUTO GERAL DE ITU LTDA - SOROC20022013000000000677256002100020543753700030717012013000000000566153000000000111103000000000000000                                                       
0330004300006B   000000000000000                              00000                                                  00000000  200220130000000000000000000000000000000000000000000000000000000000000000000000000000              0000000        
0330004300007N0004156                                    AUTO GERAL DE ITU LTDA FILIAL 20022013000000000339385002100020543753700048017012013000000000284496000000000054889000000000000000                                                       
0330004300008B   000000000000000                              00000                                                  00000000  200220130000000000000000000000000000000000000000000000000000000000000000000000000000              0000000        
0330004300009N0004157                                    AUTO GERAL DE ITU LTDA - INDAI20022013000000000789188002100020543753700056017012013000000000659385000000000129803000000000000000                                                       
0330004300010B   000000000000000                              00000                                                  00000000  200220130000000000000000000000000000000000000000000000000000000000000000000000000000              0000000        
0330004300011N0004158                                    AUTO GERAL DE ITU LTDA. PORTO 20022013000000000428066002100020543753700064117012013000000000359310000000000068756000000000000000                                                       
0330004300012B   000000000000000                              00000                                                  00000000  200220130000000000000000000000000000000000000000000000000000000000000000000000000000              0000000        
03300045         000014000000000005716085                                                                                                                                                                                                       
03300051C2016010 205437537000137003300650049002805030006550000480000414 AUTO GERAL DE ITU LTDA                                                AV DR OCTAVIANO PEREIRA MENDES01333               ITU                 13301000SP                  
0330005300001N0004159                                    AUTO GERAL DE ITU LTDA        20022013000000000046913000561020543753700013716310120130000000000000000000000000004691300000000000000000000000000000020022013                            
0330005300002B   205437537000137                              00000                                                  00000000  200220130000000000000000000000000000000000000000000000000000000000000000000000000000              0000000        
03300055         000004000000000000046913                                                                                                                                                                                                       
03300061C2011010 205437537000137003300650049002805030006550000480000414 AUTO GERAL DE ITU LTDA                                                AV DR OCTAVIANO PEREIRA MENDES01333               ITU                 13301000SP                  
0330006300001O00083600000003364801103003720128460210001465384CIA PIRATININGA DE FORCA E LUZ20022013200220130000000000336484160                                                                                                                  
0330006300002B   000000000000000                              00000                                                  00000000  200220130000000000000000000000000000000000000000000000000000000000000000000000000000              0000000        
0330006300003O00082680000001786000712013022020130140033520140SAAE INDAIATUBA               20022013200220130000000000178604161                                                                                                                  
0330006300004B   000000000000000                              00000                                                  00000000  200220130000000000000000000000000000000000000000000000000000000000000000000000000000              0000000        
03300065         000006000000000000051508                                                                                                                                                                                                       
03399999         000006000067                                                                                                                                                                                                                   
