03300000         2054375370001370033006500490028050300065 0000480000414 AUTO GERAL DE ITU LTDA        BANCO SANTANDER                         12112201209413100006006000000                                        G4016PF00528               G4
03300011C2030030 205437537000137003300650049002805030006550000480000414 AUTO GERAL DE ITU LTDA                                                AV DR OCTAVIANO PEREIRA MENDES01333               ITU                 13301000SP                  
0330001300001J00003391555500000543679173505500000005830140203BODIPASA BOMBAS DIESEL PAULIST22122012000000000054367000000000000000000000000000000241220120000000000543670000000000000002134                                    00                
0330001300002J00003398555700000108489482966200000022779990104CAR CENTRAL DE AUTOPECAS E ROL24122012000000000010848000000000000000000000000000000241220120000000000108480000000000000002189                                    00                
0330001300003J00003396555700000407999482966200000022777510104CAR CENTRAL DE AUTOPECAS E ROL24122012000000000040799000000000000000000000000000000241220120000000000407990000000000000002190                                    00                
0330001300004J00003391555700000534309513931700000103590600101DISTRIBUIDORA AUTOMOTIVA S/A  24122012000000000053430000000000000000000000000000000241220120000000000534300000000000000002200                                    00                
0330001300005J00003391555700001425539534073000000000672100101P.E. DISTR DE AUTOPECAS LTDA  24122012000000000142553000000000000000000000000000000241220120000000001425530000000000000002211                                    00                
03300015         000007000000000000301997000000000000000000                                                                                                                                                                                     
03300021C2031030 205437537000137003300650049002805030006550000480000414 AUTO GERAL DE ITU LTDA                                                AV DR OCTAVIANO PEREIRA MENDES01333               ITU                 13301000SP                  
0330002300001J00034191555500000022501126124246900076000777000CENTER PECAS FABBRI LTDA      22122012000000000002250000000000000000000000000000000241220120000000000022500000000000000002135                                    00                
0330002300002J00034199555500000047101126124247080076000777000CENTER PECAS FABBRI LTDA      22122012000000000004710000000000000000000000000000000241220120000000000047100000000000000002136                                    00                
0330002300003J00034199555500004291471126812203260249809195000DRIVEWAY INDUSTRIA BRASILEIRA 22122012000000000429147000000000000000000000000000000241220120000000004291470000000000000002137                                    00                
0330002300004J00034196555500014648761126812204330249809195000DRIVEWAY INDUSTRIA BRASILEIRA 22122012000000001464876000000000000000000000000000000241220120000000014648760000000000000002138                                    00                
0330002300005J00034192555500000825761125403475422938000052000EATON LTDA                    22122012000000000082576000000000000000000000000000000241220120000000000825760000000000000002139                                    00                
0330002300006J00034192555500000779281126298664042938000052000EATON LTDA                    22122012000000000077928000000000000000000000000000000241220120000000000779280000000000000002140                                    00                
0330002300007J00034194555500000096421126298664612938000052000EATON LTDA                    22122012000000000009642000000000000000000000000000000241220120000000000096420000000000000002141                                    00                
0330002300008J00034194555500001944481126298662302938000052000EATON LTDA                    22122012000000000194448000000000000000000000000000000241220120000000001944480000000000000002142                                    00                
0330002300009J00034199555500000124141125828249452938000052000EATON LTDA                    22122012000000000012414000000000000000000000000000000241220120000000000124140000000000000002143                                    00                
0330002300010J00034191555500000164001125828270882938000052000EATON LTDA                    22122012000000000016400000000000000000000000000000000241220120000000000164000000000000000002144                                    00                
0330002300011J00039992555500000191101762579634208740019436001FARIA VEICULOS LTDA           22122012000000000019110000000000000000000000000000000241220120000000000191100000000000000002145                                    00                
0330002300012J00023791555500000108003372190000001219805069000FELIVEL DISTR CAMINHOES LTDA  22122012000000000010800000000000000000000000000000000241220120000000000108000000000000000002146                                    00                
0330002300013J00023792555500000712802386092305000002000028910FERROL IND E COM LTDA         22122012000000000071280000000000000000000000000000000241220120000000000712800000000000000002147                                    00                
0330002300014J00034193555500015071621126748499665574053863000FAROL FOMENTO MERCANTIL LTDA  22122012000000001507162000000000000000000000000000000241220120000000015071620000000000000002148                                    00                
0330002300015J00034197555500000193691570894417200545256935000J M CHAVES CARBURADORES ME    22122012000000000019369000000000000000000000000000000241220120000000000193690000000000000002149                                    00                
0330002300016J00023794555500000600002374192305000055100619430ORIGINAL VEICULOS LTDA        22122012000000000060000000000000000000000000000000000241220120000000000600000000000000000002150                                    00                
0330002300017J00023799555500000376453395090000005075500650000SORANA SUL                    22122012000000000037645000000000000000000000000000000241220120000000000376450000000000000002151                                    00                
0330002300018J00034191555500000239001750003289130758567747000TECNOPARTS AUTOPECAS COMERCIAL22122012000000000023900000000000000000000000000000000241220120000000000239000000000000000002152                                    00                
0330002300019J00023791555600000398292622092299000008800970050ABSOLUTA DISTR DE AUTOMOVEIS L23122012000000000039829000000000000000000000000000000241220120000000000398290000000000000002153                                    00                
0330002300020J00034191555600000480061125481344390237417159000ACCIOLY SA IMP E COM          23122012000000000048006000000000000000000000000000000241220120000000000480060000000000000002154                                    00                
0330002300021J00034196555600000597801125750003471248021303000BANCO FIBRA SA                23122012000000000059780000000000000000000000000000000241220120000000000597800000000000000002155                                    00                
0330002300022J00034193555600000867501126229895421248021303000BANCO FIBRA SA                23122012000000000086750000000000000000000000000000000241220120000000000867500000000000000002156                                    00                
0330002300023J00023792555600001524253114091294475497001763000BANCO SAFRA SA                23122012000000000152425000000000000000000000000000000241220120000000001524250000000000000002157                                    00                
0330002300024J00023794555600000365350495092331000039900995600CAOA CAMINHOES LTDA           23122012000000000036535000000000000000000000000000000241220120000000000365350000000000000002158                                    00                
0330002300025J00034198555600001015301126305763310076000777000CENTER PECAS FABBRI LTDA      23122012000000000101530000000000000000000000000000000241220120000000001015300000000000000002159                                    00                
0330002300026J00034199555600000027301126218525500076000777000CENTER PECAS FABBRI LTDA      23122012000000000002730000000000000000000000000000000241220120000000000027300000000000000002160                                    00                
0330002300027J00034196555600000027701126218525680076000777000CENTER PECAS FABBRI LTDA      23122012000000000002770000000000000000000000000000000241220120000000000027700000000000000002161                                    00                
0330002300028J00034197555600002525081125473515472938000052000EATON LTDA                    23122012000000000252508000000000000000000000000000000241220120000000002525080000000000000002162                                    00                
0330002300029J00034198555600000255721125473516382938000052000EATON LTDA                    23122012000000000025572000000000000000000000000000000241220120000000000255720000000000000002163                                    00                
0330002300030J00034191555600000043911126298687492938000052000EATON LTDA                    23122012000000000004391000000000000000000000000000000241220120000000000043910000000000000002164                                    00                
0330002300031J00034191555600000288151126298676182938000052000EATON LTDA                    23122012000000000028815000000000000000000000000000000241220120000000000288150000000000000002165                                    00                
0330002300032J00034191555600000164731125473514482938000052000EATON LTDA                    23122012000000000016473000000000000000000000000000000241220120000000000164730000000000000002166                                    00                
0330002300033J00034196555600000012271125473521982938000052000EATON LTDA                    23122012000000000001227000000000000000000000000000000241220120000000000012270000000000000002167                                    00                
0330002300034J00034196555600000285161125473522972938000052000EATON LTDA                    23122012000000000028516000000000000000000000000000000241220120000000000285160000000000000002168                                    00                
0330002300035J00034194555600000019371125473523132938000052000EATON LTDA                    23122012000000000001937000000000000000000000000000000241220120000000000019370000000000000002169                                    00                
0330002300036J00034199555600001242221125473518282938000052000EATON LTDA                    23122012000000000124222000000000000000000000000000000241220120000000001242220000000000000002170                                    00                
0330002300037J00034199555600000112071125853588592938000052000EATON LTDA                    23122012000000000011207000000000000000000000000000000241220120000000000112070000000000000002171                                    00                
0330002300038J00034191555600000487931125853581802938000052000EATON LTDA                    23122012000000000048793000000000000000000000000000000241220120000000000487930000000000000002172                                    00                
0330002300039J00034193555600000483331090008617052938050420000ITA PECAS PARA VEIC COM E SERV23122012000000000048333000000000000000000000000000000241220120000000000483330000000000000002173                                    00                
0330002300040J00023791555600000520623394090000011722400324600MORELATE DISTRIBUIDORA DE AUTO23122012000000000052062000000000000000000000000000000241220120000000000520620000000000000002174                                    00                
0330002300041J00000198555600000394400000001216979442731624431NOVA DISTRIBUIDORA DE VEICULOS23122012000000000039440000000000000000000000000000000241220120000000000394400000000000000002175                                    00                
0330002300042J00000195555600000202990000001216979442731500431NOVA DISTRIBUIDORA DE VEICULOS23122012000000000020299000000000000000000000000000000241220120000000000202990000000000000002176                                    00                
0330002300043J00023798555600000903922500090256568793400000340ODAPEL DISTRIBUIDORA DE AUTO P23122012000000000090392000000000000000000000000000000241220120000000000903920000000000000002177                                    00                
0330002300044J00023791555600000351883395061180232851300028140ROCHESTER DISTRIBUIDORA DE AUT23122012000000000035188000000000000000000000000000000241220120000000000351880000000000000002178                                    00                
0330002300045J00023793555600000257930545090000031094300705060TONINI DISTRIBUIDORA LTDA     23122012000000000025793000000000000000000000000000000241220120000000000257930000000000000002179                                    00                
0330002300046J00023796555600005096113178300000005509400421060TUPER DISTRIB. PROD. METALURGI23122012000000000509611000000000000000000000000000000241220120000000005096110000000000000002180                                    00                
0330002300047J00000192555600001717398516950938003510000386218VOBER IND E COM LTDA          23122012000000000171739000000000000000000000000000000241220120000000001717390000000000000002181                                    00                
0330002300048J00034196555700002215001126649475157460278760000ASTRO TECNOLOGIA I C LTDA     24122012000000000221500000000000000000000000000000000241220120000000002215000000000000000002182                                    00                
0330002300049J00023799555700000191453371090000833805200719500AVEBRAZ COMERCIO DE VEICULOS E24122012000000000019145000000000000000000000000000000241220120000000000191450000000000000002183                                    00                
0330002300050J00023797555700000147733392022333000008601078310BIBAS COM INTERNACIONAL LTDA  24122012000000000014773000000000000000000000000000000241220120000000000147730000000000000002185                                    00                
0330002300051J00039993555700000261031764696732504061860231001CAR CENTRAL DE AUTOPECAS E ROL24122012000000000026103000000000000000000000000000000241220120000000000261030000000000000002186                                    00                
0330002300052J00039999555700000412401764696735004061860231001CAR CENTRAL DE AUTOPECAS E ROL24122012000000000041240000000000000000000000000000000241220120000000000412400000000000000002187                                    00                
0330002300053J00039997555700000771361764696772404061860231001CAR CENTRAL DE AUTOPECAS E ROL24122012000000000077136000000000000000000000000000000241220120000000000771360000000000000002188                                    00                
0330002300054J00034199555700000030001126218525760076000777000CENTER PECAS FABBRI LTDA      24122012000000000003000000000000000000000000000000000241220120000000000030000000000000000002191                                    00                
0330002300055J00034196555700000640001126218525430076000777000CENTER PECAS FABBRI LTDA      24122012000000000064000000000000000000000000000000000241220120000000000640000000000000000002192                                    00                
0330002300056J00023792555700000518140311061201383336100829680COMERCIAL AUTOMOTIVA S.A.     24122012000000000051814000000000000000000000000000000241220120000000000518140000000000000002193                                    00                
0330002300057J00023791555700000502142002061201383394100829680COMERCIAL AUTOMOTIVA S.A.     24122012000000000050214000000000000000000000000000000241220120000000000502140000000000000002194                                    00                
0330002300058J00000192555700004184384584341697700370004790718DB DISTRIBUIDORA DE BATERIAS L24122012000000000418438000000000000000000000000000000241220120000000004184380000000000000002195                                    00                
0330002300059J00000193555700002617694584341697600370004790718DB DISTRIBUIDORA DE BATERIAS L24122012000000000261769000000000000000000000000000000241220120000000002617690000000000000002196                                    00                
0330002300060J00034194555700000988211126184011712938030539000DB DISTRIBUIDORA DE BATERIAS L24122012000000000098821000000000000000000000000000000241220120000000000988210000000000000002197                                    00                
0330002300061J00034195555700000648841125334210802938030539000DELPHI AUTOM SYSTEMS BR LTDA  24122012000000000064884000000000000000000000000000000241220120000000000648840000000000000002198                                    00                
0330002300062J00023792555700000054003398190000022406301324600DIBRACAM COMERCIAL LTDA       24122012000000000005400000000000000000000000000000000241220120000000000054000000000000000002199                                    00                
0330002300063J00035691555700000641440689070323490000005562131DISTRIBUIDORA AUTOMOTIVA S/A  24122012000000000064144000000000000000000000000000000241220120000000000641440000000000000002201                                    00                
0330002300064J00034197555700001265231126362719032938000052000EATON LTDA                    24122012000000000126523000000000000000000000000000000241220120000000001265230000000000000002202                                    00                
0330002300065J00034197555700000112071125872053892938000052000EATON LTDA                    24122012000000000011207000000000000000000000000000000241220120000000000112070000000000000002203                                    00                
0330002300066J00034191555700013249671090304205000109276204000GIRANDO COMERCIO DE PECAS LTDA24122012000000001324967000000000000000000000000000000241220120000000013249670000000000000002204                                    00                
0330002300067J00034196555700000162401090304208230109276204000GIRANDO COMERCIO DE PECAS LTDA24122012000000000016240000000000000000000000000000000241220120000000000162400000000000000002205                                    00                
0330002300068J00034192555700000161511090304204430109276204000GIRANDO COMERCIO DE PECAS LTDA24122012000000000016151000000000000000000000000000000241220120000000000161510000000000000002206                                    00                
0330002300069J00023799555700001235591911092270000002600178030LNG IMP EXP DE AUTOPECAS LTDA 24122012000000000123559000000000000000000000000000000241220120000000001235590000000000000002207                                    00                
0330002300070J00023791555700000749983372097672311469600767230MAGGI VEICULOS LTDA           24122012000000000074998000000000000000000000000000000241220120000000000749980000000000000002208                                    00                
0330002300071J00023795555700000952983394090000011789500324600MORELATE DISTRIBUIDORA DE AUTO24122012000000000095298000000000000000000000000000000241220120000000000952980000000000000002209                                    00                
0330002300072J00023798555700005298372500090256568898500000340ODAPEL DISTRIBUIDORA DE AUTO P24122012000000000529837000000000000000000000000000000241220120000000005298370000000000000002210                                    00                
0330002300073J00039993555700000472098144666838204540096965001PELLEGRINO DISTRIBUIDORA DE AU24122012000000000047209000000000000000000000000000000241220120000000000472090000000000000002212                                    00                
0330002300074J00039996555700000221298144666871404540096965001PELLEGRINO DISTRIBUIDORA DE AU24122012000000000022129000000000000000000000000000000241220120000000000221290000000000000002213                                    00                
0330002300075J00039994555700000393608144666834004540096965001PELLEGRINO DISTRIBUIDORA DE AU24122012000000000039360000000000000000000000000000000241220120000000000393600000000000000002214                                    00                
0330002300076J00000192555700001190830000001236468442256256911POLO COMERCIO INTERNACIONAL LT24122012000000000119083000000000000000000000000000000241220120000000001190830000000000000002215                                    00                
0330002300077J00034198555700000473661125373884420466660099000POLO COMERCIO INTERNACIONAL LT24122012000000000047366000000000000000000000000000000241220120000000000473660000000000000002216                                    00                
0330002300078J00039993555700002689172315328706605313093513001REAL MOTO PECAS LTDA          24122012000000000268917000000000000000000000000000000241220120000000002689170000000000000002217                                    00                
0330002300079J00039991555700000508642315311589305313093513001REAL MOTO PECAS LTDA          24122012000000000050864000000000000000000000000000000241220120000000000508640000000000000002218                                    00                
0330002300080J00039991555700001314992315331778005313093513001REAL MOTO PECAS LTDA          24122012000000000131499000000000000000000000000000000241220120000000001314990000000000000002219                                    00                
0330002300081J00039999555700001569292315331766605313093513001REAL MOTO PECAS LTDA          24122012000000000156929000000000000000000000000000000241220120000000001569290000000000000002220                                    00                
0330002300082J00039992555700000800402315331940505313093513001REAL MOTO PECAS LTDA          24122012000000000080040000000000000000000000000000000241220120000000000800400000000000000002221                                    00                
0330002300083J00023791555700001720553395061180232852800028140ROCHESTER DISTRIBUIDORA DE AUT24122012000000000172055000000000000000000000000000000241220120000000001720550000000000000002222                                    00                
0330002300084J00034195555700000330001090004716933048092666000SAF DIESEL VEICULOS LTDA      24122012000000000033000000000000000000000000000000000241220120000000000330000000000000000002223                                    00                
0330002300085J00023792555700000405904130074130005857400050880SOUZA RAMOS COM E IMP LTDA    24122012000000000040590000000000000000000000000000000241220120000000000405900000000000000002224                                    00                
0330002300086J00023791555700000613184130074130005849900050880SOUZA RAMOS COM E IMP LTDA    24122012000000000061318000000000000000000000000000000241220120000000000613180000000000000002225                                    00                
0330002300087J00023799555700000400554130074130006027900050880SOUZA RAMOS COM E IMP LTDA    24122012000000000040055000000000000000000000000000000241220120000000000400550000000000000002226                                    00                
0330002300088J00039998555700000097861764364081304540079149001BANCO SOFISA SA               24122012000000000009786000000000000000000000000000000241220120000000000097860000000000000002228                                    00                
0330002300089J00039991555700000339641764364082104540079149001BANCO SOFISA SA               24122012000000000033964000000000000000000000000000000241220120000000000339640000000000000002229                                    00                
0330002300090J00039997555700000849961764364083004540079149001BANCO SOFISA SA               24122012000000000084996000000000000000000000000000000241220120000000000849960000000000000002230                                    00                
0330002300091J00039999555700000268641764364084804540079149001BANCO SOFISA SA               24122012000000000026864000000000000000000000000000000241220120000000000268640000000000000002231                                    00                
0330002300092J00040996555500000780005267115800100200071377448UNIMED SALTO/ITU COOP TRAB MED22122012000000000078000000000000000000000000000000000241220120000000000780000000000000000002232                                    00                
0330002300093J00023791000000000000002025062025186022500001600BARROS E FILHOS LTDA          24122012000000000138744000000000000000000000000000000241220120000000001387440000000000000002233                                    00                
0330002300094J00034193555500000151491126812202920249809195000DRIVEWAY INDUSTRIA BRASILEIRA 22122012000000000015149000000000000000000000000000000241220120000000000151490000000000000002237                                    00                
0330002300095J00034192555500023730491126812203000249809195000DRIVEWAY INDUSTRIA BRASILEIRA 22122012000000002373049000000000000000000000000000000241220120000000023730490000000000000002238                                    00                
0330002300096J00023798555600000508112709091323535006900148090GUETTI COML ATACADISTA LTDA   23122012000000000050811000000000000000000000000000000241220120000000000508110000000000000002239                                    00                
0330002300097J00023791555700000897672372196600098387300360080TELEFONICA BRASIL S/A         24122012000000000089767000000000000000000000000000000241220120000000000897670000000000000002240                                    00                
03300025         000099000000000014123235000000000000000000                                                                                                                                                                                     
03300031C2016010 205437537000137003300650049002805030006550000480000414 AUTO GERAL DE ITU LTDA                                                AV DR OCTAVIANO PEREIRA MENDES01333               ITU                 13301000SP                  
0330003300001N0002234                                    AUTO GERAL DE ITU LTDA        24122012000000000448108008109020543753700013716301120120000000000000000000000000044810800000000000000000000000000000024122012                            
0330003300002B   205437537000137                              00000                                                  00000000  241220120000000000000000000000000000000000000000000000000000000000000000000000000000              0000000        
0330003300003N0002235                                    AUTO GERAL DE ITU LTDA        24122012000000002068190002172020543753700013716301120120000000000000000000000000206819000000000000000000000000000000024122012                            
0330003300004B   205437537000137                              00000                                                  00000000  241220120000000000000000000000000000000000000000000000000000000000000000000000000000              0000000        
03300035         000006000000000002516298                                                                                                                                                                                                       
03300041C2011010 205437537000137003300650049002805030006550000480000414 AUTO GERAL DE ITU LTDA                                                AV DR OCTAVIANO PEREIRA MENDES01333               ITU                 13301000SP                  
0330004300001O00083660000009856801103002212032380210018467784CIA PIRATININGA DE FORCA E LUZ24122012241220120000000000985682236                                                                                                                  
0330004300002B   000000000000000                              00000                                                  00000000  241220120000000000000000000000000000000000000000000000000000000000000000000000000000              0000000        
03300045         000004000000000000098568                                                                                                                                                                                                       
03399999         000004000118                                                                                                                                                                                                                   
