03300000         2054375370001370033006500490028050300065 0000480000414 AUTO GERAL DE ITU LTDA        BANCO SANTANDER                         12101201310440200008006000000                                        G4016PF00528               G4
03300011C2022010 205437537000137003300650049002805030006550000480000414 AUTO GERAL DE ITU LTDA                                                AV DR OCTAVIANO PEREIRA MENDES01333               ITU                 13301000SP                  
0330001300001N0003129                                    AUTO GERAL DE ITU LTDA        2101201300000000033591000046202054375370001372221012013387034155115000000000000012201200000000000000000000003359100000000000000000000000000000           
0330001300002B   205437537000137                              00000                                                  00000000  210120130000000000000000000000000000000000000000000000000000000000000000000000000000              0000000        
03300015         000004000000000000335910                                                                                                                                                                                                       
03399999         000001000006                                                                                                                                                                                                                   
