03300000         2054375370001370033006500490028050300065 0000480000414 AUTO GERAL DE ITU LTDA        BANCO SANTANDER                         12102201310284800010306000000                                        G4016PF00529               G4
03300011C2003031 2054375370001370033006500490028050300065 0000480000414 AUTO GERAL DE ITU LTDA                                                AV DR OCTAVIANO PEREIRA MENDES01333               ITU                 13301000SP                  
0330001300001A0007002370161400000000575402 AUTO POSTO CENTURY CAR LTDA   4197                21022013BRL000000000000000000000000080220                    00000000000000000000000                                        07          0          
0330001300002B   210417359000112                              00000                                                  00000000  210220130000000000802200000000000000000000000000000000000000000000000000000000000000000           00000          
0330001300003A0000183410027400000000475730 VETORE IND COM AUTOPECAS LTDA 4198                21022013BRL000000000000000000000000620613                    00000000000000000000000                                        07          0          
0330001300004B   203504133000193                              00000                                                  00000000  210220130000000006206130000000000000000000000000000000000000000000000000000000000000000           00000          
03300015         000006000000000000700833000000000000000000                                                                                                                                                                                     
03300021C2030030 205437537000137003300650049002805030006550000480000414 AUTO GERAL DE ITU LTDA                                                AV DR OCTAVIANO PEREIRA MENDES01333               ITU                 13301000SP                  
0330002300001J00003391561600008273259482285400000091861900203JOFUND S/A                    21022013000000000827325000000000000000000000000000000210220130000000008273250000000000000004180                                    00                
0330002300002J00003394561600005351509499820000000000398610104KS PRODUTOS AUTOMOTIVOS LTDA  21022013000000000535150000000000000000000000000000000210220130000000005351500000000000000004181                                    00                
0330002300003J00003391561600004639019499820000000000398880104KS PRODUTOS AUTOMOTIVOS LTDA  21022013000000000463901000000000000000000000000000000210220130000000004639010000000000000004182                                    00                
0330002300004J00003395561600005977219499820000000000398700104KS PRODUTOS AUTOMOTIVOS LTDA  21022013000000000597721000000000000000000000000000000210220130000000005977210000000000000004183                                    00                
0330002300005J00003396561600008370779489019100000092275550104KSPG AUTOMOTIVE BRASIL LTDA   21022013000000000837077000000000000000000000000000000210220130000000008370770000000000000004184                                    00                
0330002300006J00003393561600007113089489019100000092275470104KSPG AUTOMOTIVE BRASIL LTDA   21022013000000000711308000000000000000000000000000000210220130000000007113080000000000000004185                                    00                
0330002300007J00003396561600008169539489019100000092275630104KSPG AUTOMOTIVE BRASIL LTDA   21022013000000000816953000000000000000000000000000000210220130000000008169530000000000000004186                                    00                
03300025         000009000000000004789435000000000000000000                                                                                                                                                                                     
03300031C2031030 205437537000137003300650049002805030006550000480000414 AUTO GERAL DE ITU LTDA                                                AV DR OCTAVIANO PEREIRA MENDES01333               ITU                 13301000SP                  
0330003300001J00034192561600000890511561759598148329223245000ALUPAR INDUSTRIA C A M L EPP  21022013000000000089051000000000000000000000000000000210220130000000000890510000000000000004164                                    00                
0330003300002J00023791561600000113933371090000833917500719500AVEBRAZ COMERCIO DE VEICULOS E21022013000000000011393000000000000000000000000000000210220130000000000113930000000000000004165                                    00                
0330003300003J00034198561600000867501126229895751248021303000BANCO FIBRA SA                21022013000000000086750000000000000000000000000000000210220130000000000867500000000000000004166                                    00                
0330003300004J00023791561600001524253114091294475500301763000BANCO SAFRA S/A               21022013000000000152425000000000000000000000000000000210220130000000001524250000000000000004167                                    00                
0330003300005J00034197561600000292711127815443778514325201000BODIPASA BOMBAS DIESEL PAULIST21022013000000000029271000000000000000000000000000000210220130000000000292710000000000000004168                                    00                
0330003300006J00034199561600000102001127871283990076000777000CENTER PECAS FABBRI LTDA      21022013000000000010200000000000000000000000000000000210220130000000000102000000000000000004169                                    00                
0330003300007J00034191561600000091001127871284070076000777000CENTER PECAS FABBRI LTDA      21022013000000000009100000000000000000000000000000000210220130000000000091000000000000000004170                                    00                
0330003300008J00034191561600000077501127871284640076000777000CENTER PECAS FABBRI LTDA      21022013000000000007750000000000000000000000000000000210220130000000000077500000000000000004171                                    00                
0330003300009J00034191561600000845001127849287591446662742000COML FIX IMPL RODOVIARIOS LTDA21022013000000000084500000000000000000000000000000000210220130000000000845000000000000000004172                                    00                
0330003300010J00034197561600000400271127413573242938036635000DAYCO POWER TRANSMISSION      21022013000000000040027000000000000000000000000000000210220130000000000400270000000000000004173                                    00                
0330003300011J00034194561600000219041127413573322938036635000DAYCO POWER TRANSMISSION      21022013000000000021904000000000000000000000000000000210220130000000000219040000000000000004174                                    00                
0330003300012J00034199561600001126191128237755830078267192000DISTRIBUIDORA DE PECAS PARA AU21022013000000000112619000000000000000000000000000000210220130000000001126190000000000000004175                                    00                
0330003300013J00035692561600000181490689070323440000003262770DISTRIBUIDORA AUTOMOTIVA S/A  21022013000000000018149000000000000000000000000000000210220130000000000181490000000000000004176                                    00                
0330003300014J00035694561600000160210689070323450000003262894DISTRIBUIDORA AUTOMOTIVA S/A  21022013000000000016021000000000000000000000000000000210220130000000000160210000000000000004177                                    00                
0330003300015J00034197561600000483341090008617212938050420000ITA PECAS PARA VEIC COM E SERV21022013000000000048334000000000000000000000000000000210220130000000000483340000000000000004178                                    00                
0330003300016J00023792561600001035002199090000011871300203330JBI COMERCIAL DE PLASTICOS REF21022013000000000103500000000000000000000000000000000210220130000000001035000000000000000004179                                    00                
0330003300017J00023795561600000416453394090000015704100324600MORELATE DISTRIBUIDORA DE AUTO21022013000000000041645000000000000000000000000000000210220130000000000416450000000000000004187                                    00                
0330003300018J00039997561600000474883133534919105313093513001REAL MOTO PECAS LTDA          21022013000000000047488000000000000000000000000000000210220130000000000474880000000000000004188                                    00                
0330003300019J00000194561600000068000444257972319140000644711SHARK TRATORES E PECAS LTDA   21022013000000000006800000000000000000000000000000000210220130000000000068000000000000000004189                                    00                
0330003300020J00000196561600000028380444257972419140000644711SHARK TRATORES E PECAS LTDA   21022013000000000002838000000000000000000000000000000210220130000000000028380000000000000004190                                    00                
0330003300021J00034191561600000622661128224003990480001510000SUSIN FRANCESCUTTI METAL LTDA 21022013000000000062266000000000000000000000000000000210220130000000000622660000000000000004191                                    00                
0330003300022J00034199561600000895221128021435717646210281000TWINGLASS VIDROS LTDA         21022013000000000089522000000000000000000000000000000210220130000000000895220000000000000004192                                    00                
0330003300023J00039997561600000083961767960519404540079149001BANCO SOFISA SA               21022013000000000008396000000000000000000000000000000210220130000000000083960000000000000004193                                    00                
0330003300024J00039994561600000481661767960520804540079149001BANCO SOFISA SA               21022013000000000048166000000000000000000000000000000210220130000000000481660000000000000004194                                    00                
0330003300025J00023798561600005563600448051009845174901533990BRADESCO SAUDE S/A            21022013000000000556360000000000000000000000000000000210220130000000005563600000000000000004195                                    00                
0330003300026J00023797561600001780232372196600104252100360080TELEFONICA BRASIL S/A         21022013000000000178023000000000000000000000000000000210220130000000001780230000000000000004196                                    00                
03300035         000028000000000001882498000000000000000000                                                                                                                                                                                     
03399999         000003000045                                                                                                                                                                                                                   
