03300000         2054375370001370033006500490028050300065 0000480000414 AUTO GERAL DE ITU LTDA        BANCO SANTANDER                         12210201216523900001206000000                                        G4016PF00528               G4
03300011C2031030 205437537000137003300650049002805030006550000480000414 AUTO GERAL DE ITU LTDA                                                AV DR OCTAVIANO PEREIRA MENDES01333               ITU                 13301000SP                  
0330001300001J00034193549500000929391123618675452938000052000EATON LTDA                    23102012000000000092939000000000000000000000000000000231020120000000000929390000000000000005                                       00                
0330001300002J00023794549500000297322002061201361011100829680COMERCIAL AUTOMOTIVA S/A      23102012000000000029732000000000000000000000000000000231020120000000000297320000000000000006                                       00                
0330001300003J00000191549500000241200000001748318000003510117DIP DISTRIBUIDORA DE PECAS LTD23102012000000000024120000000000000000000000000000000231020120000000000241200000000000000007                                       00                
0330001300004J00034191549500000945031124731640960078267192000DISTRIBUIDORA DE PECAS PARA AU23102012000000000094503000000000000000000000000000000231020120000000000945030000000000000008                                       00                
0330001300005J00034196549500000195001561519593894518080884000CAMPUS SALLES C LTDA EPP      23102012000000000019500000000000000000000000000000000231020120000000000195000000000000000009                                       00                
0330001300006J00023791549500000535573394090000007174300324600MORELAT DISTRIBUIDORA DE AUTO 231020120000000000535570000000000000000000000000000002310201200000000005355700000000000000010                                      00                
0330001300007J00039991549500000251251760451017104570524809001F CONFUORT IND COMER PCS E ACE231020120000000000251250000000000000000000000000000002310201200000000002512500000000000000011                                      00                
0330001300008J00034192549500000083751123395408442938000052000EATON LTDA                    231020120000000000083750000000000000000000000000000002310201200000000000837500000000000000012                                      00                
0330001300009J00039994549500000176661758868167003280030090001ITAVEMA ITALIA VEICULOS E MAQU231020120000000000176660000000000000000000000000000002310201200000000001766600000000000000013                                      00                
0330001300010J00023797549500000324844130074130005443100050880SOUZA RAMOS                   231020120000000000324840000000000000000000000000000002310201200000000003248400000000000000014                                      00                
0330001300011J00034196549500004175031122447645702938000052000EATON LTDA                    231020120000000004175030000000000000000000000000000002310201200000000041750300000000000000015                                      00                
0330001300012J00034191549500000327191090000178920242411544000GLOBAL FLEX                   231020120000000000327190000000000000000000000000000002310201200000000003271900000000000000016                                      00                
0330001300013J00034191549500000447481122447644632938000052000EATON  LTDA                   231020120000000000447480000000000000000000000000000002310201200000000004474800000000000000017                                      00                
0330001300014J00035691549500000215160689070323470000004885865DISTRIBUIDORA AUTOMOTIVA      231020120000000000215160000000000000000000000000000002310201200000000002151600000000000000018                                      00                
0330001300015J00023792549500000721400151091122830289501251750PECA MAIS COMER DE AUTO PCS LT231020120000000000721400000000000000000000000000000002310201200000000007214000000000000000019                                      00                
03300015         000017000000000000986627000000000000000000                                                                                                                                                                                     
03399999         000001000019                                                                                                                                                                                                                   
