03300000         2054375370001370033006500490028050300065 0000480000414 AUTO GERAL DE ITU LTDA        BANCO SANTANDER                         12202201310223500010406000000                                        G4016PF00529               G4
03300011C2003031 2054375370001370033006500490028050300065 0000480000414 AUTO GERAL DE ITU LTDA                                                AV DR OCTAVIANO PEREIRA MENDES01333               ITU                 13301000SP                  
0330001300001A0007000010154660000002050374 GERAL PARTS COM PECAS E ABRASI4247                22022013BRL000000000000000000000000018543                    00000000000000000000000                                        07          0          
0330001300002B   252472438000176                              00000                                                  00000000  220220130000000000185430000000000000000000000000000000000000000000000000000000000000000           00000          
03300015         000004000000000000018543000000000000000000                                                                                                                                                                                     
03300021C2030030 205437537000137003300650049002805030006550000480000414 AUTO GERAL DE ITU LTDA                                                AV DR OCTAVIANO PEREIRA MENDES01333               ITU                 13301000SP                  
0330002300001J00003399561700001244809482966200000024926950104CAR CENTRAL DE AUTOPECAS E ROL22022013000000000124480000000000000000000000000000000220220130000000001244800000000000000004201                                    00                
0330002300002J00003396561700001149119482966200000025363660104CAR CENTRAL DE AUTOPECAS E ROL22022013000000000114911000000000000000000000000000000220220130000000001149110000000000000004202                                    00                
03300025         000004000000000000239391000000000000000000                                                                                                                                                                                     
03300031C2031030 205437537000137003300650049002805030006550000480000414 AUTO GERAL DE ITU LTDA                                                AV DR OCTAVIANO PEREIRA MENDES01333               ITU                 13301000SP                  
0330003300001J00023795561700001856191226091330490012400000070APLIC COM IND DE AUTO PECAS LT22022013000000000185619000000000000000000000000000000220220130000000001856190000000000000004199                                    00                
0330003300002J00034192561700000979001126911708918514325201000BODIPASA BOMBAS DIESEL PAULIST22022013000000000097900000000000000000000000000000000220220130000000000979000000000000000004200                                    00                
0330003300003J00039997561700000391251768236275804061860231001CAR CENTRAL DE AUTOPECAS E ROL22022013000000000039125000000000000000000000000000000220220130000000000391250000000000000004203                                    00                
0330003300004J00039991561700000282291768558888904061860231001CAR CENTRAL DE AUTOPECAS E ROL22022013000000000028229000000000000000000000000000000220220130000000000282290000000000000004204                                    00                
0330003300005J00039998561700000285401768236292804061860231001CAR CENTRAL DE AUTOPECAS E ROL22022013000000000028540000000000000000000000000000000220220130000000000285400000000000000004205                                    00                
0330003300006J00039994561700000162791768558901004061860231001CAR CENTRAL DE AUTOPECAS E ROL22022013000000000016279000000000000000000000000000000220220130000000000162790000000000000004206                                    00                
0330003300007J00023798561700000273750138093023000003101370000BBL SISTEMAS OPERACIONAIS LTDA22022013000000000027375000000000000000000000000000000220220130000000000273750000000000000004207                                    00                
0330003300008J00034198561700000289001127871284150076000777000CENTER PECAS FABBRI LTDA      22022013000000000028900000000000000000000000000000000220220130000000000289000000000000000004208                                    00                
0330003300009J00034191561700000071501127871284720076000777000CENTER PECAS FABBRI LTDA      22022013000000000007150000000000000000000000000000000220220130000000000071500000000000000004209                                    00                
0330003300010J00034191561700000086501127871284230076000777000CENTER PECAS FABBRI LTDA      22022013000000000008650000000000000000000000000000000220220130000000000086500000000000000004210                                    00                
0330003300011J00034193561700000038001127871284310076000777000CENTER PECAS FABBRI LTDA      22022013000000000003800000000000000000000000000000000220220130000000000038000000000000000004211                                    00                
0330003300012J00034193561700000037401127871284800076000777000CENTER PECAS FABBRI LTDA      22022013000000000003740000000000000000000000000000000220220130000000000037400000000000000004212                                    00                
0330003300013J00039991561700005314441768557462402680075859001COBRA ROLAMENTOS E AUTO PECAS 22022013000000000531444000000000000000000000000000000220220130000000005314440000000000000004213                                    00                
0330003300014J00039996561700001053121768557507802680075859001COBRA ROLAMENTOS E AUTO PECAS 22022013000000000105312000000000000000000000000000000220220130000000001053120000000000000004214                                    00                
0330003300015J00039994561700001933301768557479902680075859001COBRA ROLAMENTOS E AUTO PECAS 22022013000000000193330000000000000000000000000000000220220130000000001933300000000000000004215                                    00                
0330003300016J00039995561700000308661768557481002680075859001COBRA ROLAMENTOS E AUTO PECAS 22022013000000000030866000000000000000000000000000000220220130000000000308660000000000000004216                                    00                
0330003300017J00034191561700001158141571671894014522114471000COML NV MILLENNIUN A P LTDA EP22022013000000000115814000000000005790000000000000000220220130000000001100240000000000000004217                                    00                
0330003300018J00034191561700000564141127691997312938036635000DAYCO POWER TRANSMISSION      22022013000000000056414000000000000000000000000000000220220130000000000564140000000000000004218                                    00                
0330003300019J00034199561700000099081127691997492938036635000DAYCO POWER TRANSMISSION      22022013000000000009908000000000000000000000000000000220220130000000000099080000000000000004219                                    00                
0330003300020J00034191561700002477891090020012061012930309000DECAR AUTOPECAS LTDA          22022013000000000247789000000000000000000000000000000220220130000000002477890000000000000004220                                    00                
0330003300021J00035691561700000134680689070323430000003262995DISTRIBUIDORA AUTOMOTIVA S/A  22022013000000000013468000000000000000000000000000000220220130000000000134680000000000000004221                                    00                
0330003300022J00035694561700000177870689070323420000003263101DISTRIBUIDORA AUTOMOTIVA S/A  22022013000000000017787000000000000000000000000000000220220130000000000177870000000000000004222                                    00                
0330003300023J00034193561700000494191127567045762938000052000EATON LTDA                    22022013000000000049419000000000000000000000000000000220220130000000000494190000000000000004223                                    00                
0330003300024J00034194561700000960481127942317152938000052000EATON LTDA                    22022013000000000096048000000000000000000000000000000220220130000000000960480000000000000004224                                    00                
0330003300025J00034191561700000548251127928460012938107808000ELIVEL AUTOMOTORES LTDA       22022013000000000054825000000000000000000000000000000220220130000000000548250000000000000004225                                    00                
0330003300026J00034198561700000609361127928476602938107808000ELIVEL AUTOMOTORES LTDA       22022013000000000060936000000000000000000000000000000220220130000000000609360000000000000004226                                    00                
0330003300027J00034192561700000384391090304524610109276204000GIRANDO COMERCIO DE PECAS LTDA22022013000000000038439000000000000000000000000000000220220130000000000384390000000000000004227                                    00                
0330003300028J00034198561700000233951090304517520109276204000GIRANDO COMERCIO DE PECAS LTDA22022013000000000023395000000000000000000000000000000220220130000000000233950000000000000004228                                    00                
0330003300029J00034191561700000249001127798653620585501331000LUPORINI DISTR DE AUTOPECAS LT22022013000000000024900000000000000000000000000000000220220130000000000249000000000000000004229                                    00                
0330003300030J00034196561700004283781127685162652938025125000MAHLE METAL LEVE S/A          22022013000000000428378000000000000000000000000000000220220130000000004283780000000000000004230                                    00                
0330003300031J00034191561700003671851127685162572938025125000MAHLE METAL LEVE S/A          22022013000000000367185000000000000000000000000000000220220130000000003671850000000000000004231                                    00                
0330003300032J00034194561700000150881127685162402938025125000MAHLE METAL LEVE S/A          22022013000000000015088000000000000000000000000000000220220130000000000150880000000000000004232                                    00                
0330003300033J00034194561700000075441127685161902938025125000MAHLE METAL LEVE S/A          22022013000000000007544000000000000000000000000000000220220130000000000075440000000000000004233                                    00                
0330003300034J00010494561700000620163164659900100040000006950MD CAR COM DE PRODUTOS AUTOMOT22022013000000000062016000000000000000000000000000000220220130000000000620160000000000000004234                                    00                
0330003300035J00023792561700015076213372093039000001305096800METALURGICA SCHADEK LTDA      22022013000000001507621000000000000000000000000000000220220130000000015076210000000000000004235                                    00                
0330003300036J00039991561700000392008144669796004540096965001PELLEGRINO DISTRIBUIDORA DE AU22022013000000000039200000000000000000000000000000000220220130000000000392000000000000000004236                                    00                
0330003300037J00039991561700000100002065410035801852365622001PORT ROYAL DISTR DE VEICULOS L22022013000000000010000000000000000000000000000000000220220130000000000100000000000000000004237                                    00                
0330003300038J00039994561700000581083133539312305313093513001REAL MOTO PECAS LTDA          22022013000000000058108000000000000000000000000000000220220130000000000581080000000000000004238                                    00                
0330003300039J00039997561700002681283133538450705313093513001REAL MOTO PECAS LTDA          22022013000000000268128000000000000000000000000000000220220130000000002681280000000000000004239                                    00                
0330003300040J00039994561700000805623133521709005313093513001REAL MOTO PECAS LTDA          22022013000000000080562000000000000000000000000000000220220130000000000805620000000000000004240                                    00                
0330003300041J00023793561700002389740738093025000002200063200SARAIVA DISTR. AUTO PECAS LTDA22022013000000000238974000000000000000000000000000000220220130000000002389740000000000000004241                                    00                
0330003300042J00023794561700000521940738093025000011300063200SARAIVA DISTR. AUTO PECAS LTDA22022013000000000052194000000000000000000000000000000220220130000000000521940000000000000004242                                    00                
0330003300043J00000196561700000669840000002175416000003385317SK AUTOMOTIVE S/A DISTR AUTOPE22022013000000000066984000000000000000000000000000000220220130000000000669840000000000000004243                                    00                
0330003300044J00000191561700000521500000002175416000003389717SK AUTOMOTIVE S/A DISTR AUTOPE22022013000000000052150000000000000000000000000000000220220130000000000521500000000000000004244                                    00                
0330003300045J00023794561700000288483395090000005282500650000SORANA SUL                    22022013000000000028848000000000000000000000000000000220220130000000000288480000000000000004245                                    00                
0330003300046J00034198564600025214001092220142642938014558000SODEXO PASS DO BRASIL SERV. CO23032013000000002521400000000000000000000000000000000220220130000000025214000000000000000004246                                    00                
03300035         000048000000000007943991000000000000000000                                                                                                                                                                                     
03399999         000003000058                                                                                                                                                                                                                   
