03300000         2054375370001370033006500490028050300065 0000480000414 AUTO GERAL DE ITU LTDA        BANCO SANTANDER                         12211201209020500003506000000                                        G4016PF00528               G4
03300011C2003031 2054375370001370033006500490028050300065 0000480000414 AUTO GERAL DE ITU LTDA                                                AV DR OCTAVIANO PEREIRA MENDES01333               ITU                 13301000SP                  
0330001300001A0007000010154660000002050374 GERAL PARTS COM PECAS E ABRASI1058                22112012BRL000000000000000000000000018157                    00000000000000000000000                                        07          0          
0330001300002B   252472438000176                              00000                                                  00000000  221120120000000000181570000000000000000000000000000000000000000000000000000000000000000           00000          
03300015         000004000000000000018157000000000000000000                                                                                                                                                                                     
03300021C2030030 205437537000137003300650049002805030006550000480000414 AUTO GERAL DE ITU LTDA                                                AV DR OCTAVIANO PEREIRA MENDES01333               ITU                 13301000SP                  
0330002300001J00003396552500009007769499820000000000236550104KS PRODUTOS AUTOMOTIVOS LTDA  22112012000000000900776000000000000000000000000000000221120120000000009007760000000000000001039                                    00                
0330002300002J00003397552500013364449489019100000092037960104KSPG AUTOMOTIVE BRASIL LTDA   22112012000000001336444000000000000000000000000000000221120120000000013364440000000000000001040                                    00                
03300025         000004000000000002237220000000000000000000                                                                                                                                                                                     
03300031C2031030 205437537000137003300650049002805030006550000480000414 AUTO GERAL DE ITU LTDA                                                AV DR OCTAVIANO PEREIRA MENDES01333               ITU                 13301000SP                  
0330003300001J00039999552500000845321763476094611960078237001BAP AUTOMOTIVA LTDA           22112012000000000084532000000000000000000000000000000221120120000000000845320000000000000001012                                    00                
0330003300002J00039993552500000644851763476093811960078237001BAP AUTOMOTIVA LTDA           22112012000000000064485000000000000000000000000000000221120120000000000644850000000000000001013                                    00                
0330003300003J00023791552500000932003114091293598224801763000BANCO SAFRA S/A               22112012000000000093200000000000000000000000000000000221120120000000000932000000000000000001014                                    00                
0330003300004J00039994552500000579191763507894404061860231001CAR CENTRAL DE AUTOPECAS E ROL22112012000000000057919000000000000000000000000000000221120120000000000579190000000000000001015                                    00                
0330003300005J00039999552500000805311763506481104061860231001CAR CENTRAL DE AUTOPECAS E ROL22112012000000000080531000000000000000000000000000000221120120000000000805310000000000000001016                                    00                
0330003300006J00034193552500000025001125331164170076000777000CENTER PECAS FABBRI LTDA      22112012000000000002500000000000000000000000000000000221120120000000000025000000000000000001017                                    00                
0330003300007J00034191552500000360001125411423060076000777000CENTER PECAS FABBRI LTDA      22112012000000000036000000000000000000000000000000000221120120000000000360000000000000000001018                                    00                
0330003300008J00034198552500000055001125411423300076000777000CENTER PECAS FABBRI LTDA      22112012000000000005500000000000000000000000000000000221120120000000000055000000000000000001019                                    00                
0330003300009J00023798552500000867373262090000028930900935470COMDIP COMERCIAL DISTR DE PECA22112012000000000086737000000000000000000000000000000221120120000000000867370000000000000001020                                    00                
0330003300010J00023797552500001257513262090000029284000935470COMDIP COMERCIAL DISTR DE PECA22112012000000000125751000000000000000000000000000000221120120000000001257510000000000000001021                                    00                
0330003300011J00000194552500000967290000001011760000003751218COMPEL DISTR E COM DE AUTO PEC22112012000000000096729000000000000000000000000000000221120120000000000967290000000000000001022                                    00                
0330003300012J00000199552500000391070000002101041441827244811DECAL LINE COM PREST SERV SILK22112012000000000039107000000000000000000000000000000221120120000000000391070000000000000001023                                    00                
0330003300013J00034197552500000912521124389182302938030539000DELPHI  AUTOM SYSTEMS BR LTDA 22112012000000000091252000000000000000000000000000000221120120000000000912520000000000000001024                                    00                
0330003300014J00035699552500000091060689070323480000004890179DISTRIBUIDORA ATOMOTIVA S.A   22112012000000000009106000000000000000000000000000000221120120000000000091060000000000000001025                                    00                
0330003300015J00035697552500000371140689070323420000004890167DISTRIBUIDORA ATOMOTIVA S.A   22112012000000000037114000000000000000000000000000000221120120000000000371140000000000000001026                                    00                
0330003300016J00035699552500000443180689070323420000004890233DISTRIBUIDORA ATOMOTIVA S.A   22112012000000000044318000000000000000000000000000000221120120000000000443180000000000000001027                                    00                
0330003300017J00035695552500000182420689070323480000004890369DISTRIBUIDORA ATOMOTIVA S.A   22112012000000000018242000000000000000000000000000000221120120000000000182420000000000000001028                                    00                
0330003300018J00035691552500001681900689070323410000004890275DISTRIBUIDORA ATOMOTIVA S.A   22112012000000000168190000000000000000000000000000000221120120000000001681900000000000000001029                                    00                
0330003300019J00034192552500000083741123395423862938000052000EATON  LTDA                   22112012000000000008374000000000000000000000000000000221120120000000000083740000000000000001030                                    00                
0330003300020J00034191552500000152491124949296182938000052000EATON  LTDA                   22112012000000000015249000000000000000000000000000000221120120000000000152490000000000000001031                                    00                
0330003300021J00034191552500000127881124949301112938000052000EATON  LTDA                   22112012000000000012788000000000000000000000000000000221120120000000000127880000000000000001032                                    00                
0330003300022J00034197552500000330251125517803830548006287000ELETROPAR AUTOPECAS LTDA      22112012000000000033025000000000000000000000000000000221120120000000000330250000000000000001033                                    00                
0330003300023J00039992552500000191101762579633408740019436001FARIA VEICULOS LTDA           22112012000000000019110000000000000000000000000000000221120120000000000191100000000000000001034                                    00                
0330003300024J00034191552500000216311090000523280046365078000VIGORITO CAMILOPOLIS          22112012000000000021631000000000000000000000000000000221120120000000000216310000000000000001035                                    00                
0330003300025J00034191552500000160611090304044960109276204000GIRANDO COMERCIO DE PECAS LTDA22112012000000000016061000000000000000000000000000000221120120000000000160610000000000000001036                                    00                
0330003300026J00034197552500000650001124872552033909030599000HYDRONLUBZ IND C EQUIPAMENTOS 22112012000000000065000000000000000000000000000000000221120120000000000650000000000000000001037                                    00                
0330003300027J00034195552500001676351125654145650125675405000IND COM DE AUTO PECAS REI LTDA22112012000000000167635000000000000000000000000000000221120120000000001676350000000000000001038                                    00                
0330003300028J00023791552500000200113394090000011638200324600MORELAT DISTRIBUIDORA DE AUTO 22112012000000000020011000000000000000000000000000000221120120000000000200110000000000000001041                                    00                
0330003300029J00023799552500000601012500090256566932400000340ODAPEL DISTR DE AUTO PECAS LTD22112012000000000060101000000000000000000000000000000221120120000000000601010000000000000001042                                    00                
0330003300030J00023792552500000600002374192305000055000619430ORIGINAL VEICULOS LTDA        22112012000000000060000000000000000000000000000000000221120120000000000600000000000000000001043                                    00                
0330003300031J00034198000000000000001219800609341012365225000PACAEMBU AUTO PECAS LTDA      22112012000000000244350000000000000000000000000000000221120120000000002443500000000000000001044                                    00                
0330003300032J00034198000000000000001219800609831012365225000PACAEMBU AUTO PECAS LTDA      22112012000000000973365000000000000000000000000000000221120120000000009733650000000000000001045                                    00                
0330003300033J00023794552500000612443484092282000025101129000PETRONAS LUBRIFICANTES BRASIL 22112012000000000061244000000000000000000000000000000221120120000000000612440000000000000001046                                    00                
0330003300034J00023796552500001202800151091323130012801251750PECA MAIS COMERCIO DE AUTO PEC22112012000000000120280000000000000000000000000000000221120120000000001202800000000000000001047                                    00                
0330003300035J00034192552500000408291125685808000191074004000POLIPECAS COML E IMP LTDA     22112012000000000040829000000000002858000000000000000221120120000000000379710000000000000001048                                    00                
0330003300036J00000198552500000257270000002096856000002030717PRV COMERCIO DE PECAS LTDA    22112012000000000025727000000000000000000000000000000221120120000000000257270000000000000001049                                    00                
0330003300037J00000193552500000673670000002096856000002170817PRV COMERCIO DE PECAS LTDA    22112012000000000067367000000000000000000000000000000221120120000000000673670000000000000001050                                    00                
0330003300038J00000191552500000358690000001244482976000648517RENOVA AUTO PECAS LTDA ME     22112012000000000035869000000000000000000000000000000221120120000000000358690000000000000001051                                    00                
0330003300039J00000191552500000250380000001244482993005356117RPT DISTRIBUIDORA DE AUTO PCS 22112012000000000025038000000000000000000000000000000221120120000000000250380000000000000001052                                    00                
0330003300040J00034195552500000330001090004716853048092666000SAF DIESEL VEICULOS LTDA      22112012000000000033000000000000000000000000000000000221120120000000000330000000000000000001053                                    00                
0330003300041J00034191552500000239001750003185340758567747000TECNOPARTS AUTOPECAS COMERCIAL22112012000000000023900000000000000000000000000000000221120120000000000239000000000000000001054                                    00                
0330003300042J00023798552500001306823178190000018201700421050TUPER DISTRIB. PROD. METALURGI22112012000000000130682000000000000000000000000000000221120120000000001306820000000000000001055                                    00                
0330003300043J00000194552500000085568336199900809700000127018ALARMAQ EQTOS DE SEGURANCA LTD22112012000000000008556000000000000000000000000000000221120120000000000085560000000000000001056                                    00                
03300035         000045000000000003427547000000000000000000                                                                                                                                                                                     
03300041C2011010 205437537000137003300650049002805030006550000480000414 AUTO GERAL DE ITU LTDA                                                AV DR OCTAVIANO PEREIRA MENDES01333               ITU                 13301000SP                  
0330004300001O00083620000011119701103002121731880210018467784CIA PIRATININGA DE FORCA E LUZ22112012221120120000000001111971057                                                                                                                  
0330004300002B   000000000000000                              00000                                                  00000000  221120120000000000000000000000000000000000000000000000000000000000000000000000000000              0000000        
03300045         000004000000000000111197                                                                                                                                                                                                       
03399999         000004000059                                                                                                                                                                                                                   
