03300000         2054375370001370033006500490028050300065 0000480000414 AUTO GERAL DE ITU LTDA        BANCO SANTANDER                         12201201310220600008106000000                                        G4016PF00528               G4
03300011C2003031 2054375370001370033006500490028050300065 0000480000414 AUTO GERAL DE ITU LTDA                                                AV DR OCTAVIANO PEREIRA MENDES01333               ITU                 13301000SP                  
0330001300001A0007000010154660000002050374 GERAL PARTS COM PECAS E ABRASI3162                22012013BRL000000000000000000000000020987                    00000000000000000000000                                        07          0          
0330001300002B   252472438000176                              00000                                                  00000000  220120130000000000209870000000000000000000000000000000000000000000000000000000000000000           00000          
0330001300003A0000182370202810000000375551 MASTER SISTEMAS AUTOMOTIVOS LT3163                22012013BRL000000000000000000000000529404                    00000000000000000000000                                        07          0          
0330001300004B   290852914000173                              00000                                                  00000000  220120130000000005294040000000000000000000000000000000000000000000000000000000000000000           00000          
03300015         000006000000000000550391000000000000000000                                                                                                                                                                                     
03300021C2031030 205437537000137003300650049002805030006550000480000414 AUTO GERAL DE ITU LTDA                                                AV DR OCTAVIANO PEREIRA MENDES01333               ITU                 13301000SP                  
0330002300001J00023793558600000398302622092299000008900970050ABSOLUTA DISTR DE AUTOMOVEIS L22012013000000000039830000000000000000000000000000000220120130000000000398300000000000000003130                                    00                
0330002300002J00023793558600004711350329192349000012100024120AD PAPEIS LTDA                22012013000000000471135000000000000000000000000000000220120130000000004711350000000000000003131                                    00                
0330002300003J00039991558600001453571767051133211960078237001BAP AUTOMOTIVA LTDA           22012013000000000145357000000000000000000000000000000220120130000000001453570000000000000003132                                    00                
0330002300004J00000191558600000309891823850556029130010401917CAMPINAS DIESEL LTDA          22012013000000000030989000000000000000000000000000000220120130000000000309890000000000000003133                                    00                
0330002300005J00023795558600000365350495092331000040000995600CAOA CAMINHOES LTDA           22012013000000000036535000000000000000000000000000000220120130000000000365350000000000000003134                                    00                
0330002300006J00039991558600000137111767057233104061860231001CAR CENTRAL DE AUTOPECAS E ROL22012013000000000013711000000000000000000000000000000220120130000000000137110000000000000003135                                    00                
0330002300007J00023794558600000334663262090000033653300935470COMDIP COMERCIAL DISTR DE PECA22012013000000000033466000000000000000000000000000000220120130000000000334660000000000000003136                                    00                
0330002300008J00023793558600000615203262090000033640900935470COMDIP COMERCIAL DISTR DE PECA22012013000000000061520000000000000000000000000000000220120130000000000615200000000000000003137                                    00                
0330002300009J00000191558600000414350000001011760000003914818COMPEL DISTR E COM DE AUTO PEC22012013000000000041435000000000000000000000000000000220120130000000000414350000000000000003138                                    00                
0330002300010J00034195558600000245741127177515832938036635000DAYCO POWER TRANSMISSION      22012013000000000024574000000000000000000000000000000220120130000000000245740000000000000003139                                    00                
0330002300011J00023791558600001043543395001300005725100086350DECAR AUTOPECAS LTDA          22012013000000000104354000000000000000000000000000000220120130000000001043540000000000000003140                                    00                
0330002300012J00035698558600000433780689070323490000004898262DISTRIBUIDORA AUTOMOTIVA S/A  22012013000000000043378000000000000000000000000000000220120130000000000433780000000000000003141                                    00                
0330002300013J00035699558600000192520689070323470000004898470DISTRIBUIDORA AUTOMOTIVA S/A  22012013000000000019252000000000000000000000000000000220120130000000000192520000000000000003142                                    00                
0330002300014J00034196558600000293781126425760632938000052000EATON LTDA                    22012013000000000029378000000000000000000000000000000220120130000000000293780000000000000003143                                    00                
0330002300015J00034196558600000212971126878935482938000052000EATON LTDA                    22012013000000000021297000000000000000000000000000000220120130000000000212970000000000000003144                                    00                
0330002300016J00034191558600000210151126878935062938000052000EATON LTDA                    22012013000000000021015000000000000000000000000000000220120130000000000210150000000000000003145                                    00                
0330002300017J00034194558600000204901090304343600109276204000GIRANDO COMERCIO DE PECAS LTDA22012013000000000020490000000000000000000000000000000220120130000000000204900000000000000003146                                    00                
0330002300018J00034192558600000483331090008617132938050420000ITA PECAS PARA VEIC COM E SERV22012013000000000048333000000000000000000000000000000220120130000000000483330000000000000003147                                    00                
0330002300019J00034199558600000495501571283197990844026708000IND MECANICA LANGER LTDA      22012013000000000049550000000000000000000000000000000220120130000000000495500000000000000003148                                    00                
0330002300020J00000196558600000394390000001216979442731708731NOVA DISTRIBUIDORA DE VEICULOS22012013000000000039439000000000000000000000000000000220120130000000000394390000000000000003149                                    00                
0330002300021J00034193558600001764601127464873730191074004000POLIPECAS COMERCIAL E IMPORTAD22012013000000000176460000000000012352000000000000000220120130000000001641080000000000000003150                                    00                
0330002300022J00034194558600000196061127464873810191074004000POLIPECAS COMERCIAL E IMPORTAD22012013000000000019606000000000001372000000000000000220120130000000000182340000000000000003151                                    00                
0330002300023J00034191558600003057011127464873990191074004000POLIPECAS COMERCIAL E IMPORTAD22012013000000000305701000000000021399000000000000000220120130000000002843020000000000000003152                                    00                
0330002300024J00039992558600000316752315368343305313093513001REAL MOTO PECAS LTDA          22012013000000000031675000000000000000000000000000000220120130000000000316750000000000000003153                                    00                
0330002300025J00039993558600000273942315366927905313093513001REAL MOTO PECAS LTDA          22012013000000000027394000000000000000000000000000000220120130000000000273940000000000000003154                                    00                
0330002300026J00039994558600001411562315383401605313093513001REAL MOTO PECAS LTDA          22012013000000000141156000000000000000000000000000000220120130000000001411560000000000000003155                                    00                
0330002300027J00039998558600001729432315362916105313093513001REAL MOTO PECAS LTDA          22012013000000000172943000000000000000000000000000000220120130000000001729430000000000000003156                                    00                
0330002300028J00039999558600000878682315361065705313093513001REAL MOTO PECAS LTDA          22012013000000000087868000000000000000000000000000000220120130000000000878680000000000000003157                                    00                
0330002300029J00039992558600000554952315383339705313093513001REAL MOTO PECAS LTDA          22012013000000000055495000000000000000000000000000000220120130000000000554950000000000000003158                                    00                
0330002300030J00000196558600000959880000002175416000003096517SK AUTOMOTIVE S/A DISTR AUTOPE22012013000000000095988000000000000000000000000000000220120130000000000959880000000000000003159                                    00                
0330002300031J00023797558600000631764130074130005850000050880SOUZA RAMOS COM E IMP LTDA    22012013000000000063176000000000000000000000000000000220120130000000000631760000000000000003160                                    00                
0330002300032J00023797558600000265240545090000031619000705060TONINI DISTRIBUIDORA LTDA     22012013000000000026524000000000000000000000000000000220120130000000000265240000000000000003161                                    00                
0330002300033J00034191558600002100001127357742868513014608000SATTURNO SOROCABA TELEFONIA LT22012013000000000210000000000000000000000000000000000220120130000000002100000000000000000003165                                    00                
03300025         000035000000000002673901000000000000000000                                                                                                                                                                                     
03300031C2011010 205437537000137003300650049002805030006550000480000414 AUTO GERAL DE ITU LTDA                                                AV DR OCTAVIANO PEREIRA MENDES01333               ITU                 13301000SP                  
0330003300001O00084670000001578602512013011029500000022929556NET SAO PAULO LTDA - SP       22012013220120130000000000157863166                                                                                                                  
0330003300002B   000000000000000                              00000                                                  00000000  220120130000000000000000000000000000000000000000000000000000000000000000000000000000              0000000        
03300035         000004000000000000015786                                                                                                                                                                                                       
03300041C2011010 205437537000137003300650049002805030006550000480000414 AUTO GERAL DE ITU LTDA                                                AV DR OCTAVIANO PEREIRA MENDES01333               ITU                 13301000SP                  
0330004300001O00085600000000741600253038760416212908000044513SEFAZ SP IPVA                 22012013220120130000000000074163164                                                                                                                  
0330004300002B   000000000000000                              00000                                                  00000000  220120130000000000000000000000000000000000000000000000000000000000000000000000000000              0000000        
03300045         000004000000000000007416                                                                                                                                                                                                       
03399999         000004000051                                                                                                                                                                                                                   
