03300000         2054375370001370033006500490028050300065 0000480000414 AUTO GERAL DE ITU LTDA        BANCO SANTANDER                         12203201310272400012506000000                                        G4016PF00531               G4
03300011C2003031 2054375370001370033006500490028050300065 0000480000414 AUTO GERAL DE ITU LTDA                                                AV DR OCTAVIANO PEREIRA MENDES01333               ITU                 13301000SP                  
0330001300001A0007003410372800000000202502 RODOMATSAN TRANSPORTE RODOV LT5192                22032013BRL000000000000000000000000047800                    00000000000000000000000                                        07          0          
0330001300002B   210674840000193                              00000                                                  00000000  220320130000000000478000000000000000000000000000000000000000000000000000000000000000000           00000          
0330001300003A0007000010154660000002050374 GERAL PARTS COM PECAS E ABRASI5193                22032013BRL000000000000000000000000012993                    00000000000000000000000                                        07          0          
0330001300004B   252472438000176                              00000                                                  00000000  220320130000000000129930000000000000000000000000000000000000000000000000000000000000000           00000          
03300015         000006000000000000060793000000000000000000                                                                                                                                                                                     
03300021C2030030 205437537000137003300650049002805030006550000480000414 AUTO GERAL DE ITU LTDA                                                AV DR OCTAVIANO PEREIRA MENDES01333               ITU                 13301000SP                  
0330002300001J00003394564500001296029513931700000104357270101DISTRIBUIDORA AUTOMOTIVA S.A. 22032013000000000129602000000000000000000000000000000220320130000000001296020000000000000005151                                    00                
0330002300002J00003394564500001336529499820000000000511280104KS PRODUTOS AUTOMOTIVOS LTDA  22032013000000000133652000000000000000000000000000000220320130000000001336520000000000000005163                                    00                
0330002300003J00003396564500016497809489019100000092413960104KSPG AUTOMOTIVE BRASIL LTDA   22032013000000001649780000000000000000000000000000000220320130000000016497800000000000000005164                                    00                
03300025         000005000000000001913034000000000000000000                                                                                                                                                                                     
03300031C2031030 205437537000137003300650049002805030006550000480000414 AUTO GERAL DE ITU LTDA                                                AV DR OCTAVIANO PEREIRA MENDES01333               ITU                 13301000SP                  
0330003300001J00034198564500003789501571779285547372112321000ART LASER GRAFICA E EDITORA LT22032013000000000378950000000000000000000000000000000220320130000000003789500000000000000005127                                    00                
0330003300002J00034198564500001670001128641846617460278760000ASTRO TECNOLOGIA I C LTDA     22032013000000000167000000000000000000000000000000000220320130000000001670000000000000000005128                                    00                
0330003300003J00039991564500000211171770541092511960078237001BAP AUTOMOTIVA LTDA           22032013000000000021117000000000000000000000000000000220320130000000000211170000000000000005129                                    00                
0330003300004J00039999564500000359381770541091711960078237001BAP AUTOMOTIVA LTDA           22032013000000000035938000000000000000000000000000000220320130000000000359380000000000000005130                                    00                
0330003300005J00039991564500001226051770541093311960078237001BAP AUTOMOTIVA LTDA           22032013000000000122605000000000000000000000000000000220320130000000001226050000000000000005131                                    00                
0330003300006J00039994564500000983941770541090911960078237001BAP AUTOMOTIVA LTDA           22032013000000000098394000000000000000000000000000000220320130000000000983940000000000000005132                                    00                
0330003300007J00034191564500000846001128366733951248021303000BANCO FIBRA SA                22032013000000000084600000000000000000000000000000000220320130000000000846000000000000000005133                                    00                
0330003300008J00023791564500000307433392023058000032101078260CAMBUCI ACESSORIOS LTDA       22032013000000000030743000000000000000000000000000000220320130000000000307430000000000000005134                                    00                
0330003300009J00039994564500000489031770574465304061860231001CAR CENTRAL DE AUTOPECAS E ROL22032013000000000048903000000000000000000000000000000220320130000000000489030000000000000005135                                    00                
0330003300010J00039994564500000193931770574509904061860231001CAR CENTRAL DE AUTOPECAS E ROL22032013000000000019393000000000000000000000000000000220320130000000000193930000000000000005136                                    00                
0330003300011J00034195564500000999001128732615420076000777000CENTER PECAS FABBRI LTDA      22032013000000000099900000000000000000000000000000000220320130000000000999000000000000000005137                                    00                
0330003300012J00023794564500002038583397093074000008700008840CINDUMEL CIA IND DE METAIS E L22032013000000000203858000000000000000000000000000000220320130000000002038580000000000000005138                                    00                
0330003300013J00023791564500000098643397093074000008800008840CINDUMEL CIA IND DE METAIS E L22032013000000000009864000000000000000000000000000000220320130000000000098640000000000000005139                                    00                
0330003300014J00023791564500000481903397093074000008900008840CINDUMEL CIA IND DE METAIS E L22032013000000000048190000000000000000000000000000000220320130000000000481900000000000000005140                                    00                
0330003300015J00034192564500000041971090064071750757035373000CIPEC INDUSTRIAL DE AUTOPECAS 22032013000000000004197000000000000000000000000000000220320130000000000041970000000000000005141                                    00                
0330003300016J00034197564500000355001090064071830757035373000CIPEC INDUSTRIAL DE AUTOPECAS 22032013000000000035500000000000000000000000000000000220320130000000000355000000000000000005142                                    00                
0330003300017J00034191564500002676361128948468000360545834000COBRA ROLAMENTOS E AUTO PECAS 22032013000000000267636000000000000000000000000000000220320130000000002676360000000000000005143                                    00                
0330003300018J00034194564500000172151128948471620360545834000COBRA ROLAMENTOS E AUTO PECAS 22032013000000000017215000000000000000000000000000000220320130000000000172150000000000000005144                                    00                
0330003300019J00034191564500000172151128948470060360545834000COBRA ROLAMENTOS E AUTO PECAS 22032013000000000017215000000000000000000000000000000220320130000000000172150000000000000005145                                    00                
0330003300020J00023798564500000308192002061301413330100829680COMERCIAL AUTOMOTIVA S.A.     22032013000000000030819000000000000000000000000000000220320130000000000308190000000000000005146                                    00                
0330003300021J00023795564500000947112002061301413298100829680COMERCIAL AUTOMOTIVA S.A.     22032013000000000094711000000000000000000000000000000220320130000000000947110000000000000005147                                    00                
0330003300022J00023793564500001116792002061301413338100829680COMERCIAL AUTOMOTIVA S.A.     22032013000000000111679000000000000000000000000000000220320130000000001116790000000000000005148                                    00                
0330003300023J00023792564500000906842002061301413237100829680COMERCIAL AUTOMOTIVA S.A.     22032013000000000090684000000000000000000000000000000220320130000000000906840000000000000005149                                    00                
0330003300024J00023798564500000330332002061301415686100829680COMERCIAL AUTOMOTIVA S.A.     22032013000000000033033000000000000000000000000000000220320130000000000330330000000000000005150                                    00                
0330003300025J00035695564500002448360689070323420000003267268DISTRIBUIDORA AUTOMOTIVA S.A. 22032013000000000244836000000000000000000000000000000220320130000000002448360000000000000005152                                    00                
0330003300026J00035693564500005736020689070323440000003267217DISTRIBUIDORA AUTOMOTIVA S.A. 22032013000000000573602000000000000000000000000000000220320130000000005736020000000000000005153                                    00                
0330003300027J00035691564500005211680689070323460000003267272DISTRIBUIDORA AUTOMOTIVA S.A. 22032013000000000521168000000000000000000000000000000220320130000000005211680000000000000005154                                    00                
0330003300028J00035691564500000293500689070323460000003267280DISTRIBUIDORA AUTOMOTIVA S.A. 22032013000000000029350000000000000000000000000000000220320130000000000293500000000000000005155                                    00                
0330003300029J00034191564500000932231127942394602938000052000EATON LTDA                    22032013000000000093223000000000000000000000000000000220320130000000000932230000000000000005156                                    00                
0330003300030J00023794564500000112143372190000001354105069000FELIVEL DISTR CAMINHOES LTDA  22032013000000000011214000000000000000000000000000000220320130000000000112140000000000000005157                                    00                
0330003300031J00034198564500000326351090304662550109276204000GIRANDO COMERCIO DE PECAS LTDA22032013000000000032635000000000000000000000000000000220320130000000000326350000000000000005158                                    00                
0330003300032J00023793564500004133580284281321210559100742060INDUSTRIAS DEL RECAMBIO DO BRA22032013000000000413358000000000000000000000000000000220320130000000004133580000000000000005159                                    00                
0330003300033J00034197564500000316641090010673772938050420000ITA PECAS PARA VEIC COM E SERV22032013000000000031664000000000000000000000000000000220320130000000000316640000000000000005160                                    00                
0330003300034J00034191564500000411811129145584271248027078000BANCO VOTORANTIM SA           22032013000000000041181000000000000000000000000000000220320130000000000411810000000000000005161                                    00                
0330003300035J00034197564500000405201129145584191248027078000BANCO VOTORANTIM SA           22032013000000000040520000000000000000000000000000000220320130000000000405200000000000000005162                                    00                
0330003300036J00023795564500000059003372097310006608500731000MAGGI AUTOMOVEIS LTDA         22032013000000000005900000000000000000000000000000000220320130000000000059000000000000000005165                                    00                
0330003300037J00023799564500000743003372097672311671100767230MAGGI VEICULOS LTDA           22032013000000000074300000000000000000000000000000000220320130000000000743000000000000000005166                                    00                
0330003300038J00034199564500000127671572013767722904178288000PECA MAIS COMERCIO DE AUTO PEC22032013000000000012767000000000000000000000000000000220320130000000000127670000000000000005167                                    00                
0330003300039J00039994564500003855428144671205504540096965001PELLEGRINO DISTRIBUIDORA DE AU22032013000000000385542000000000000000000000000000000220320130000000003855420000000000000005168                                    00                
0330003300040J00039991564500000236338144671210104540096965001PELLEGRINO DISTRIBUIDORA DE AU22032013000000000023633000000000000000000000000000000220320130000000000236330000000000000005169                                    00                
0330003300041J00039991564500000243372696557096804540096965001PELLEGRINO DISTRIBUIDORA DE AU22032013000000000024337000000000000000000000000000000220320130000000000243370000000000000005170                                    00                
0330003300042J00039993564500001151252696557135204540096965001PELLEGRINO DISTRIBUIDORA DE AU22032013000000000115125000000000000000000000000000000220320130000000001151250000000000000005171                                    00                
0330003300043J00039996564500001927522696557163804540096965001PELLEGRINO DISTRIBUIDORA DE AU22032013000000000192752000000000000000000000000000000220320130000000001927520000000000000005172                                    00                
0330003300044J00023791564500000679063684190000020426300673000POLIPECAS DISTRIBUIDORA AUTOMO22032013000000000067906000000000000000000000000000000220320130000000000679060000000000000005173                                    00                
0330003300045J00023791564500000605623684190000020426100673000POLIPECAS DISTRIBUIDORA AUTOMO22032013000000000060562000000000000000000000000000000220320130000000000605620000000000000005174                                    00                
0330003300046J00039996564500001182283133588828905313093513001REAL MOTO PECAS LTDA          22032013000000000118228000000000000000000000000000000220320130000000001182280000000000000005175                                    00                
0330003300047J00039992564500001077663133588044005313093513001REAL MOTO PECAS LTDA          22032013000000000107766000000000000000000000000000000220320130000000001077660000000000000005176                                    00                
0330003300048J00039996564500000308773133585750205313093513001REAL MOTO PECAS LTDA          22032013000000000030877000000000000000000000000000000220320130000000000308770000000000000005177                                    00                
0330003300049J00039999564500000951023133586599805313093513001REAL MOTO PECAS LTDA          22032013000000000095102000000000000000000000000000000220320130000000000951020000000000000005178                                    00                
0330003300050J00039991564500001951393133586879205313093513001REAL MOTO PECAS LTDA          22032013000000000195139000000000000000000000000000000220320130000000001951390000000000000005179                                    00                
0330003300051J00034192564500001768091129107670890125810226000REI AUTO PARTS IND COM S/A    22032013000000000176809000000000000000000000000000000220320130000000001768090000000000000005180                                    00                
0330003300052J00023795564500000385633395061180232936500028140ROCHESTER DISTRIBUIDORA DE AUT22032013000000000038563000000000000000000000000000000220320130000000000385630000000000000005181                                    00                
0330003300053J00000199564500000545180000001701219444729443311SAFISA INDUSTRIAL LTDA        22032013000000000054518000000000000000000000000000000220320130000000000545180000000000000005182                                    00                
0330003300054J00000192564500000493880000002175416000003611217SK AUTOMOTIVE S/A DISTR AUTOPE22032013000000000049388000000000000000000000000000000220320130000000000493880000000000000005183                                    00                
0330003300055J00000198564500004960200000002175416000003611417SK AUTOMOTIVE S/A DISTR AUTOPE22032013000000000496020000000000000000000000000000000220320130000000004960200000000000000005184                                    00                
0330003300056J00000194564500001161220000002175416000003610717SK AUTOMOTIVE S/A DISTR AUTOPE22032013000000000116122000000000000000000000000000000220320130000000001161220000000000000005185                                    00                
0330003300057J00000192564500002577330000002175416000003611317SK AUTOMOTIVE S/A DISTR AUTOPE22032013000000000257733000000000000000000000000000000220320130000000002577330000000000000005186                                    00                
0330003300058J00034192564500009846211129143463771446736314000UNDERCAR COMP AUTOMOTIVOS LTDA22032013000000000984621000000000000000000000000000000220320130000000009846210000000000000005187                                    00                
0330003300059J00034196564500005012391129143463691446736314000UNDERCAR COMP AUTOMOTIVOS LTDA22032013000000000501239000000000000000000000000000000220320130000000005012390000000000000005188                                    00                
0330003300060J00034191567400027824001092228528202938014558000SODEXO PASS DO BRASIL SERV. CO20042013000000002782400000000000000000000000000000000220320130000000027824000000000000000005189                                    00                
0330003300061J00023791564500005397302373252053762712600996640AMERICANAS.COM - B2W CIA GLOBA22032013000000000539730000000000000000000000000000000220320130000000005397300000000000000005190                                    00                
0330003300062J00010491564500002420310568317020201842540010136PREFEITURA MUNICIPAL DE INDAIA22032013000000000242031000000000000000000000000000000220320130000000002420310000000000000005191                                    00                
03300035         000064000000000011854005000000000000000000                                                                                                                                                                                     
03399999         000003000077                                                                                                                                                                                                                   
