03300000         2054375370001370033006500490028050300065 0000480000414 AUTO GERAL DE ITU LTDA        BANCO SANTANDER                         12310201213104000001406000000                                        G4016PF00528               G4
03300011C2030030 205437537000137003300650049002805030006550000480000414 AUTO GERAL DE ITU LTDA                                                AV DR OCTAVIANO PEREIRA MENDES01333               ITU                 13301000SP                  
0330001300001J00003391549600000340209140743000000000904760203ROM COMERCIAL DE AUTO PECAS LT241020120000000000340200000000000000000000000000000002410201200000000003402000000000000000061                                      00                
03300015         000003000000000000034020000000000000000000                                                                                                                                                                                     
03300021C2031030 205437537000137003300650049002805030006550000480000414 AUTO GERAL DE ITU LTDA                                                AV DR OCTAVIANO PEREIRA MENDES01333               ITU                 13301000SP                  
0330002300001J00034195549600000049501124566518040076000777000CENTER PECAS FABBRI LTDA      241020120000000000049500000000000000000000000000000002410201200000000000495000000000000000037                                      00                
0330002300002J00023795549600000311803395090000004657400650000SORANA SUL                    241020120000000000311800000000000000000000000000000002410201200000000003118000000000000000038                                      00                
0330002300003J00034191549600002815161122509218332938000052000EATON LTDA                    241020120000000002815160000000000000000000000000000002410201200000000028151600000000000000039                                      00                
0330002300004J00034198549600000210861122509220622938000052000EATON LTDA                    241020120000000000210860000000000000000000000000000002410201200000000002108600000000000000040                                      00                
0330002300005J00000193549600000976380000001597457122102146117PETROBRAS DISTRIBUIDORA       241020120000000000976380000000000000000000000000000002410201200000000009763800000000000000041                                      00                
0330002300006J00000199549600004251740000001597457122102145517PETROBRAS DISTRIBUIDORA       241020120000000004251740000000000000000000000000000002410201200000000042517400000000000000042                                      00                
0330002300007J00000191549600008259620000001597457122102145817PETROBRAS DISTRIBUIDORA       241020120000000008259620000000000000000000000000000002410201200000000082596200000000000000043                                      00                
0330002300008J00000196549600001313030000001597457122102145217PETROBRAS DISTRIBUIDORA       241020120000000001313030000000000000000000000000000002410201200000000013130300000000000000044                                      00                
0330002300009J00000191549600000269460000001597457122102146417PETROBRAS DISTRIBUIDORA       241020120000000000269460000000000000000000000000000002410201200000000002694600000000000000045                                      00                
0330002300010J00023797549600000395150138092263000003201453000OBB CONSULTORIA E PARTICIPACOE241020120000000000395150000000000000000000000000000002410201200000000003951500000000000000046                                      00                
0330002300011J00023797549600001502963372097672311392600767230MAGGI VEICULOS LTDA           241020120000000001502960000000000000000000000000000002410201200000000015029600000000000000047                                      00                
0330002300012J00023791549600000468051316090000008743500009000APS DISTRIBUIDORA DE AUTOPECAS241020120000000000468050000000000000000000000000000002410201200000000004680500000000000000048                                      00                
0330002300013J00000198549600000259080000002175416000002475517SK AUTOMOTIVE S/A DISTR AUTOPE241020120000000000259080000000000000000000000000000002410201200000000002590800000000000000049                                      00                
0330002300014J00039995549600000412652053126561105313093513001REAL MOTO PECAS LTDA          241020120000000000412650000000000000000000000000000002410201200000000004126500000000000000050                                      00                
0330002300015J00035692549600000168660689070323410000004886240DISTRIBUIDORA AUTOMOTIVA S/A  241020120000000000168660000000000000000000000000000002410201200000000001686600000000000000051                                      00                
0330002300016J00000198549600009563880000001291892000004198517VESPOR AUTOMOTIVE DIST DE AUTO241020120000000009563880000000000000000000000000000002410201200000000095638800000000000000052                                      00                
0330002300017J00035697549600000411940689070323440000004886148DSITRIBUIDORA AUTOMOTIVA S.A. 241020120000000000411940000000000000000000000000000002410201200000000004119400000000000000053                                      00                
0330002300018J00000191549600004941400000001148003000006757317VESPOR AUTOMOTIVE DIST DE AUTO241020120000000004941400000000000000000000000000000002410201200000000049414000000000000000054                                      00                
0330002300019J00039993549600000219421761649809611960078237001BAP AUTOMOTIVA LTDA           241020120000000000219420000000000000000000000000000002410201200000000002194200000000000000055                                      00                
0330002300020J00039995549600004588478144664079804540096965001PELLEGRINO DISTR DE AUTO PECAS241020120000000004588470000000000000000000000000000002410201200000000045884700000000000000056                                      00                
0330002300021J00023791549600003540053372092250000066805187730RCD COMERCIO  E INDUSTRIA LTDA241020120000000003540050000000000000000000000000000002410201200000000035400500000000000000057                                      00                
0330002300022J00034197549600000014711123489541682938030539000DELPHI AUTOM SYSTEMS BR LTDA  241020120000000000014710000000000000000000000000000002410201200000000000147100000000000000058                                      00                
0330002300023J00034193549600004537591123489541922938030539000DELPHI AUTOM SYSTEMS BR LTDA  241020120000000004537590000000000000000000000000000002410201200000000045375900000000000000059                                      00                
0330002300024J00034195549600000500731124815037072395000033000KOGA KOGA CIA LTDA            241020120000000000500730000000000000000000000000000002410201200000000005007300000000000000060                                      00                
0330002300025J00000191549600001353170000001291892000004198817VESPOR AUTOMOTIVE DIST DE AUTO241020120000000001353170000000000000000000000000000002410201200000000013531700000000000000062                                      00                
0330002300026J00034191549600000100501124489174530076000777000CENTER PECAS FABBRI LTDA      241020120000000000100500000000000000000000000000000002410201200000000001005000000000000000063                                      00                
03300025         000028000000000005143596000000000000000000                                                                                                                                                                                     
03399999         000002000033                                                                                                                                                                                                                   
