03300000         2054375370001370033006500490028050300065 0000480000414 AUTO GERAL DE ITU LTDA        BANCO SANTANDER                         12301201310234500008206000000                                        G4016PF00528               G4
03300011C2003031 2054375370001370033006500490028050300065 0000480000414 AUTO GERAL DE ITU LTDA                                                AV DR OCTAVIANO PEREIRA MENDES01333               ITU                 13301000SP                  
0330001300001A0000182370032300000000679771 VALLIFLEX PROD TEC BORRACHA LT3198                23012013BRL000000000000000000000000753924                    00000000000000000000000                                        07          0          
0330001300002B   207843508000109                              00000                                                  00000000  230120130000000007539240000000000000000000000000000000000000000000000000000000000000000           00000          
03300015         000004000000000000753924000000000000000000                                                                                                                                                                                     
03300021C2031030 205437537000137003300650049002805030006550000480000414 AUTO GERAL DE ITU LTDA                                                AV DR OCTAVIANO PEREIRA MENDES01333               ITU                 13301000SP                  
0330002300001J00039991558700000115981767113494011960078237001BAP AUTOMOTIVA LTDA           23012013000000000011598000000000000000000000000000000230120130000000000115980000000000000003167                                    00                
0330002300002J00042293558700000380007020000094360699531747601BECAP COM DE AUTO PECAS LTDA  23012013000000000038000000000000000000000000000000000230120130000000000380000000000000000003168                                    00                
0330002300003J00023793558700000759283114091294560758001763000BANCO SAFRA S/A               23012013000000000075928000000000000000000000000000000230120130000000000759280000000000000003169                                    00                
0330002300004J00023791558700001628842002061301394087100829680COMERCIAL AUTOMOTIVA S.A.     23012013000000000162884000000000000000000000000000000230120130000000001628840000000000000003170                                    00                
0330002300005J00023795558700000115862002061301394159100829680COMERCIAL AUTOMOTIVA S.A.     23012013000000000011586000000000000000000000000000000230120130000000000115860000000000000003171                                    00                
0330002300006J00034194558700000247991090304347250109276204000GIRANDO COMERCIO DE PECAS LTDA23012013000000000024799000000000000000000000000000000230120130000000000247990000000000000003172                                    00                
0330002300007J00034194558700001066201090304352190109276204000GIRANDO COMERCIO DE PECAS LTDA23012013000000000106620000000000000000000000000000000230120130000000001066200000000000000003173                                    00                
0330002300008J00034193558700000369991090304348990109276204000GIRANDO COMERCIO DE PECAS LTDA23012013000000000036999000000000000000000000000000000230120130000000000369990000000000000003174                                    00                
0330002300009J00034191558700000699401127426971652395022557000KOGA KOGA CIA LTDA            23012013000000000069940000000000000000000000000000000230120130000000000699400000000000000003175                                    00                
0330002300010J00023794558700000952993394090000011789600324600MORELATE DISTRIBUIDORA DE AUTO23012013000000000095299000000000000000000000000000000230120130000000000952990000000000000003176                                    00                
0330002300011J00039992558700000826458144668055204540096965001PELLEGRINO DISTRIBUIDORA DE AU23012013000000000082645000000000000000000000000000000230120130000000000826450000000000000003177                                    00                
0330002300012J00039994558700000932118144668094304540096965001PELLEGRINO DISTRIBUIDORA DE AU23012013000000000093211000000000000000000000000000000230120130000000000932110000000000000003178                                    00                
0330002300013J00023795558700001657583484092342000051401129000PETRONAS LUBRIFICANTES BRASIL 23012013000000000165758000000000000000000000000000000230120130000000001657580000000000000003179                                    00                
0330002300014J00039993558700000274682315370788005313093513001REAL MOTO PECAS LTDA          23012013000000000027468000000000000000000000000000000230120130000000000274680000000000000003180                                    00                
0330002300015J00039992558700000586552315385606005313093513001REAL MOTO PECAS LTDA          23012013000000000058655000000000000000000000000000000230120130000000000586550000000000000003181                                    00                
0330002300016J00023791558700000418204130074130005857500050880SOUZA RAMOS COM E IMP LTDA    23012013000000000041820000000000000000000000000000000230120130000000000418200000000000000003182                                    00                
0330002300017J00034192558700001571921090000416250940192784000THV AUTOMOTIVA IND E COM LTDA 23012013000000000157192000000000000000000000000000000230120130000000001571920000000000000003183                                    00                
0330002300018J00023793000000000000002025062025186035800001600BARROS E FILHOS LTDA          23012013000000000141361000000000000000000000000000000230120130000000001413610000000000000003184                                    00                
0330002300019J00034195558700000007001127357742378513014608000SATTURNO SOROCABA TELEFONIA LT23012013000000000000700000000000000000000000000000000230120130000000000007000000000000000003185                                    00                
0330002300020J00034191558700000016241127357742788513014608000SATTURNO SOROCABA TELEFONIA LT23012013000000000001624000000000000000000000000000000230120130000000000016240000000000000003186                                    00                
0330002300021J00034199558700000027001127357742298513014608000SATTURNO SOROCABA TELEFONIA LT23012013000000000002700000000000000000000000000000000230120130000000000027000000000000000003187                                    00                
0330002300022J00034197558700000130901127357742458513014608000SATTURNO SOROCABA TELEFONIA LT23012013000000000013090000000000000000000000000000000230120130000000000130900000000000000003188                                    00                
0330002300023J00034191558700000140701127357742528513014608000SATTURNO SOROCABA TELEFONIA LT23012013000000000014070000000000000000000000000000000230120130000000000140700000000000000003189                                    00                
0330002300024J00034191558700000293611127357742608513014608000SATTURNO SOROCABA TELEFONIA LT23012013000000000029361000000000000000000000000000000230120130000000000293610000000000000003190                                    00                
0330002300025J00034191561600024555001092211730462938014558000SODEXO PASS DO BRASIL SERV. CO21022013000000002455500000000000000000000000000000000230120130000000024555000000000000000003191                                    00                
03300025         000027000000000003918808000000000000000000                                                                                                                                                                                     
03300031C2011010 205437537000137003300650049002805030006550000480000414 AUTO GERAL DE ITU LTDA                                                AV DR OCTAVIANO PEREIRA MENDES01333               ITU                 13301000SP                  
0330003300001O00085600000000741600253038760416212759000044513SEFAZ SP IPVA                 23012013230120130000000000074163192                                                                                                                  
0330003300002B   000000000000000                              00000                                                  00000000  230120130000000000000000000000000000000000000000000000000000000000000000000000000000              0000000        
0330003300003O00085660000000935200253066950515227169000044513SEFAZ SP IPVA                 23012013230120130000000000093523193                                                                                                                  
0330003300004B   000000000000000                              00000                                                  00000000  230120130000000000000000000000000000000000000000000000000000000000000000000000000000              0000000        
0330003300005O00085640000000935200253066950515227179000044513SEFAZ SP IPVA                 23012013230120130000000000093523194                                                                                                                  
0330003300006B   000000000000000                              00000                                                  00000000  230120130000000000000000000000000000000000000000000000000000000000000000000000000000              0000000        
0330003300007O00085620000000935200253066950515227189000044513SEFAZ SP IPVA                 23012013230120130000000000093523195                                                                                                                  
0330003300008B   000000000000000                              00000                                                  00000000  230120130000000000000000000000000000000000000000000000000000000000000000000000000000              0000000        
0330003300009O00085600000000935200253066950515227199000044513SEFAZ SP IPVA                 23012013230120130000000000093523196                                                                                                                  
0330003300010B   000000000000000                              00000                                                  00000000  230120130000000000000000000000000000000000000000000000000000000000000000000000000000              0000000        
0330003300011O00085620000003405000253038760421187809000044513SEFAZ SP IPVA                 23012013230120130000000000340503197                                                                                                                  
0330003300012B   000000000000000                              00000                                                  00000000  230120130000000000000000000000000000000000000000000000000000000000000000000000000000              0000000        
03300035         000014000000000000078874                                                                                                                                                                                                       
03399999         000003000047                                                                                                                                                                                                                   
