03300000         2054375370001370033006500490028050300065 0000480000414 AUTO GERAL DE ITU LTDA        BANCO SANTANDER                         12311201212585100003606000000                                        G4016PF00528               G4
03300011C2030030 205437537000137003300650049002805030006550000480000414 AUTO GERAL DE ITU LTDA                                                AV DR OCTAVIANO PEREIRA MENDES01333               ITU                 13301000SP                  
0330001300001J00003395552600000448009173505500000005462830203BODIPASA BOMBAS DIESEL PAULIST23112012000000000044800000000000000000000000000000000231120120000000000448000000000000000001060                                    00                
0330001300002J00003391552600001032749482966200000021155220104CAR CENTRAL DE AUTOPECAS E ROL23112012000000000103274000000000000000000000000000000231120120000000001032740000000000000001062                                    00                
0330001300003J00003399552600000119009404876810000002381340101CORDEIRO MAQUINAS E FERRAMENTA23112012000000000011900000000000000000000000000000000231120120000000000119000000000000000001072                                    00                
0330001300004J00003392552600000945009133966400000000304810102LAMACE COM IMP EXP LTDA       23112012000000000094500000000000000000000000000000000231120120000000000945000000000000000001089                                    00                
03300015         000006000000000000254474000000000000000000                                                                                                                                                                                     
03300021C2031030 205437537000137003300650049002805030006550000480000414 AUTO GERAL DE ITU LTDA                                                AV DR OCTAVIANO PEREIRA MENDES01333               ITU                 13301000SP                  
0330002300001J00023793552600000398412622092299000008700970050ABSOLUTA DISTR DE AUTOMOVEIS L23112012000000000039841000000000000000000000000000000231120120000000000398410000000000000001059                                    00                
0330002300002J00023792552600000478263392022304000026101078260MF CAMBUCI DISTR DE AUTOPECAS 23112012000000000047826000000000000000000000000000000231120120000000000478260000000000000001061                                    00                
0330002300003J00034193552600000189001125331163670076000777000CENTER PECAS FABBRI LTDA      23112012000000000018900000000000000000000000000000000231120120000000000189000000000000000001063                                    00                
0330002300004J00034199552600000121001125331163420076000777000CENTER PECAS FABBRI LTDA      23112012000000000012100000000000000000000000000000000231120120000000000121000000000000000001064                                    00                
0330002300005J00034193552600000019501125331164250076000777000CENTER PECAS FABBRI LTDA      23112012000000000001950000000000000000000000000000000231120120000000000019500000000000000001065                                    00                
0330002300006J00034191552600000118001125331163590076000777000CENTER PECAS FABBRI LTDA      23112012000000000011800000000000000000000000000000000231120120000000000118000000000000000001066                                    00                
0330002300007J00023799552600000333763389092317000009600120490CHG AUTOMOTIVA LTDA           23112012000000000033376000000000000000000000000000000231120120000000000333760000000000000001067                                    00                
0330002300008J00039999552600000639301763417490702680075859001COBRA ROLAMENTOS AUTOPECAS LTD23112012000000000063930000000000000000000000000000000231120120000000000639300000000000000001068                                    00                
0330002300009J00039992552600000343361763417512102680075859001COBRA ROLAMENTOS AUTOPECAS LTD23112012000000000034336000000000000000000000000000000231120120000000000343360000000000000001069                                    00                
0330002300010J00023798552600000230853262090000030444600935470COMDIP COMERCIAL DISTR DE PECA23112012000000000023085000000000000000000000000000000231120120000000000230850000000000000001070                                    00                
0330002300011J00034196552600001092931570436277724522114471000COML NV MILLENNIUM A P LTD EPP23112012000000000109293000000000005464000000000000000231120120000000001038290000000000000001071                                    00                
0330002300012J00023798552600000252290138092300000006301370000BBL SISTEMAS OPERACIONAIS LTDA23112012000000000025229000000000000000000000000000000231120120000000000252290000000000000001073                                    00                
0330002300013J00034196552600000018181124949345502938000052000EATON  LTDA                   23112012000000000001818000000000000000000000000000000231120120000000000018180000000000000001074                                    00                
0330002300014J00034191552600000357611098887847860046365078000FELICIO VIGORITO FILHOS LTDA  23112012000000000035761000000000000000000000000000000231120120000000000357610000000000000001075                                    00                
0330002300015J00023792552600003999001440090000005466300033570FORT LUB PRODUTOS AUT         23112012000000000399900000000000000000000000000000000231120120000000003999000000000000000001076                                    00                
0330002300016J00034191552600000346011090304050630109276204000GIRANDO COMERCIO DE PECAS LTDA23112012000000000034601000000000000000000000000000000231120120000000000346010000000000000001077                                    00                
0330002300017J00034199552600004561251090508324390137467353000ISBAL IND E COM LTDA          23112012000000000456125000000000000000000000000000000231120120000000004561250000000000000001078                                    00                
0330002300018J00034193552600010359601125712137791446685057000KT COMP AUTOMOTIVOS LTDA      23112012000000001035960000000000000000000000000000000231120120000000010359600000000000000001079                                    00                
0330002300019J00023799552600000520623394090000011722300324600MORELATE DISTR AUTOPECAS LTDA 23112012000000000052062000000000000000000000000000000231120120000000000520620000000000000001080                                    00                
0330002300020J00039996552600004420732053169140805313093513001REAL MOTO PECAS LTDA          23112012000000000442073000000000000000000000000000000231120120000000004420730000000000000001081                                    00                
0330002300021J00023792552600000469593395061180232814300028140ROCHESTER DISTR DE AUTOPECAS S23112012000000000046959000000000000000000000000000000231120120000000000469590000000000000001082                                    00                
0330002300022J00023794552600000311793395090000004657500650000SORANA SUL                    23112012000000000031179000000000000000000000000000000231120120000000000311790000000000000001083                                    00                
0330002300023J00023792552600000613184130074130005849800050880SOUZA RAMOS COM E IMP LTDA    23112012000000000061318000000000000000000000000000000231120120000000000613180000000000000001084                                    00                
0330002300024J00034198552600004125991125713287423184122228000UNIVERSAL AUTOMOTIVE SYSTEMS S23112012000000000412599000000000102617000000000000000231120120000000003099820000000000000001085                                    00                
0330002300025J00034192552600000000001750174353798052145193000SIND EMPR COM DE ITU E REGIAO 23112012000000000005992000000000000000000000000000000231120120000000000059920000000000000001086                                    00                
0330002300026J00040999552600000690005267115800100200071327858UNIMED SALTO/ITU COOP TRAB MED23112012000000000069000000000000000000000000000000000231120120000000000690000000000000000001087                                    00                
0330002300027J00023791000000000000002025062025186011900001600BARROS E FILHOS LTDA          23112012000000000127195000000000000000000000000000000231120120000000001271950000000000000001088                                    00                
03300025         000029000000000003526127000000000000000000                                                                                                                                                                                     
03300031C2016010 205437537000137003300650049002805030006550000480000414 AUTO GERAL DE ITU LTDA                                                AV DR OCTAVIANO PEREIRA MENDES01333               ITU                 13301000SP                  
0330003300001N0001090                                    AUTO GERAL DE ITU LTDA        23112012000000000320273008109020543753700013716311020120000000000000000000000000032027300000000000000000000000000000023112012                            
0330003300002B   205437537000137                              00000                                                  00000000  231120120000000000000000000000000000000000000000000000000000000000000000000000000000              0000000        
0330003300003N0001091                                    AUTO GERAL DE ITU LTDA        23112012000000001478180002172020543753700013716311020120000000000000000000000000147818000000000000000000000000000000023112012                            
0330003300004B   205437537000137                              00000                                                  00000000  231120120000000000000000000000000000000000000000000000000000000000000000000000000000              0000000        
03300035         000006000000000001798453                                                                                                                                                                                                       
03399999         000003000043                                                                                                                                                                                                                   
