03300000         2054375370001370033006500490028050300065 0000480000414 AUTO GERAL DE ITU LTDA        BANCO SANTANDER                         12310201210543300001306000000                                        G4016PF00528               G4
03300011C2031030 205437537000137003300650049002805030006550000480000414 AUTO GERAL DE ITU LTDA                                                AV DR OCTAVIANO PEREIRA MENDES01333               ITU                 13301000SP                  
0330001300001J00023797549500004122990128092283000000800005600AUTIMPEX COMERCIAL LTDA EPP   231020120000000004122990000000000000000000000000000002310201200000000041229900000000000000020                                      00                
0330001300002J00023795549500015500793392090050003697300001210AUTIMPEX COMERCIAL LTDA EPP   231020120000000015500790000000000000000000000000000002310201200000000155007900000000000000021                                      00                
0330001300003J00000196549500002634201675224929304700000290517METALURGICA ADAMANTINA LTDA   231020120000000002634200000000000000000000000000000002310201200000000026342000000000000000022                                      00                
0330001300004J00034196549500000387191090303888970109276204000GIRANDO COMERCIO DE PECAS LTDA231020120000000000387190000000000000000000000000000002310201200000000003871900000000000000023                                      00                
0330001300005J00039994549500000303382053123672705313093513001REAL MOTO PECAS LTDA          231020120000000000303380000000000000000000000000000002310201200000000003033800000000000000024                                      00                
0330001300006J00000195549500000776580000001244482993003910417RPT DISTRIBUIDORA DE AUTO PCS 231020120000000000776580000000000000000000000000000002310201200000000007765800000000000000025                                      00                
0330001300007J00023791549500000278100545090000028855700705060TONINI DISTRIBUIDORA LTDA     231020120000000000278100000000000000000000000000000002310201200000000002781000000000000000026                                      00                
0330001300008J00034194549500000445141123440205431012561005000LUBRACO COM E DISTR LTDA      231020120000000000445140000000000000000000000000000002310201200000000004451400000000000000027                                      00                
0330001300009J00000191549500000840220000002226112440964649911POWER STOP INDUSTRIA E COMERCI231020120000000000840220000000000000000000000000000002310201200000000008402200000000000000028                                      00                
0330001300010J00034191549500000401901124489430790548006287000ELETROPAR AUTOPECAS LTDA      231020120000000000401900000000000000000000000000000002310201200000000004019000000000000000029                                      00                
0330001300011J00000191549500001045200000001236468440768789311POLO COMERCIO INTERNACIONAL LT231020120000000001045200000000000000000000000000000002310201200000000010452000000000000000030                                      00                
0330001300012J00039991549500002126122053118476005313093513001REAL MOTO PECAS LTDA          231020120000000002126120000000000000000000000000000002310201200000000021261200000000000000031                                      00                
0330001300013J00034191549500003855241124741930110295745780000FREIOS CONTROIL LTDA          231020120000000003855240000000000000000000000000000002310201200000000038552400000000000000032                                      00                
0330001300014J00000193549500000144660000001011760000003679418COMPEL DISTR DE AUTO PECAS LTD231020120000000000144660000000000000000000000000000002310201200000000001446600000000000000033                                      00                
0330001300015J00000192549500000311000000002391652000003502717DIP DISTRIBUIDORA DE PECAS LTD231020120000000000311000000000000000000000000000000002310201200000000003110000000000000000034                                      00                
0330001300016J00023798000000000000002025062025034047600001600BARROS E FILHOS LTDA          231020120000000001323140000000000000000000000000000002310201200000000013231400000000000000035                                      00                
0330001300017J00034191552400013109001092187643932938014558000SODEXO PASS DO BRASIL SERV. CO211120120000000013109000000000000000000000000000000002310201200000000131090000000000000000036                                      00                
03300015         000019000000000004760485000000000000000000                                                                                                                                                                                     
03399999         000001000021                                                                                                                                                                                                                   
