03300000         2054375370001370033006500490028050300065 0000480000414 AUTO GERAL DE ITU LTDA        BANCO SANTANDER                         12401201310354200008306000000                                        G4016PF00528               G4
03300011C2003031 2054375370001370033006500490028050300065 0000480000414 AUTO GERAL DE ITU LTDA                                                AV DR OCTAVIANO PEREIRA MENDES01333               ITU                 13301000SP                  
0330001300001A0000182370055090000000002321 JAMAICA IND DE ARTEFATOS DE BO3225                24012013BRL000000000000000000000000996651                    00000000000000000000000                                        07          0          
0330001300002B   262157094000164                              00000                                                  00000000  240120130000000009966510000000000000000000000000000000000000000000000000000000000000000           00000          
03300015         000004000000000000996651000000000000000000                                                                                                                                                                                     
03300021C2030030 205437537000137003300650049002805030006550000480000414 AUTO GERAL DE ITU LTDA                                                AV DR OCTAVIANO PEREIRA MENDES01333               ITU                 13301000SP                  
0330002300001J00003391558800000359409513931700000103832040101DISTRIBUIDORA AUTOMOTIVA S/A  24012013000000000035940000000000000000000000000000000240120130000000000359400000000000000003204                                    00                
0330002300002J00003397558800005125549537802800000000007770203SPARX IND E COM DE PECAS AUTO 24012013000000000512554000000000000000000000000000000240120130000000005125540000000000000003212                                    00                
0330002300003J00003393558800000945009133966400000000341770102LAMACE COM IMP EXP LTDA       24012013000000000094500000000000000000000000000000000240120130000000000945000000000000000003220                                    00                
03300025         000005000000000000642994000000000000000000                                                                                                                                                                                     
03300031C2031030 205437537000137003300650049002805030006550000480000414 AUTO GERAL DE ITU LTDA                                                AV DR OCTAVIANO PEREIRA MENDES01333               ITU                 13301000SP                  
0330003300001J00023798558800000957492002061301394534100829680COMERCIAL AUTOMOTIVA S.A.     24012013000000000095749000000000000000000000000000000240120130000000000957490000000000000003199                                    00                
0330003300002J00074897558800001412931112202628630220404131107COMERCIAL REDE INDUSTRIA DE PE24012013000000000141293000000000000000000000000000000240120130000000001412930000000000000003200                                    00                
0330003300003J00000191558800000072500000001563680000003082417DIRECOES HIDRAULICAS LONDRINA 24012013000000000007250000000000000000000000000000000240120130000000000072500000000000000003201                                    00                
0330003300004J00034194558800001831711127432822070078267192000DISTRIBUIDORA DE PECAS PARA AU24012013000000000183171000000000000000000000000000000240120130000000001831710000000000000003202                                    00                
0330003300005J00035691558800000139810689070323460000004898752DISTRIBUIDORA AUTOMOTIVA S/A  24012013000000000013981000000000000000000000000000000240120130000000000139810000000000000003203                                    00                
0330003300006J00035696558800000781140689070323490000004898759DISTRIBUIDORA AUTOMOTIVA S/A  24012013000000000078114000000000000000000000000000000240120130000000000781140000000000000003205                                    00                
0330003300007J00035698558800000247120689070323420000004898921DISTRIBUIDORA AUTOMOTIVA S/A  24012013000000000024712000000000000000000000000000000240120130000000000247120000000000000003206                                    00                
0330003300008J00023791558800000318640138092341000004501370000BBL SISTEMAS OPERACIONAIS LTDA24012013000000000031864000000000000000000000000000000240120130000000000318640000000000000003207                                    00                
0330003300009J00034191558800000136991090304359870109276204000GIRANDO COMERCIO DE PECAS LTDA24012013000000000013699000000000000000000000000000000240120130000000000136990000000000000003208                                    00                
0330003300010J00034194558800000381831090304355160109276204000GIRANDO COMERCIO DE PECAS LTDA24012013000000000038183000000000000000000000000000000240120130000000000381830000000000000003209                                    00                
0330003300011J00034197558800000195911126683840610017301896000LUKSNOVA S/A IND E COM        24012013000000000019591000000000001019000000000000000240120130000000000185720000000000000003210                                    00                
0330003300012J00023791558800000061503372097672311621700767230MAGGI VEICULOS LTDA           24012013000000000006150000000000000000000000000000000240120130000000000061500000000000000003211                                    00                
0330003300013J00023796558800000609002500090256570229700000340ODAPEL DISTRIBUIDORA DE AUTO P24012013000000000060900000000000000000000000000000000240120130000000000609000000000000000003213                                    00                
0330003300014J00023792558800002478152500090256570179000000340ODAPEL DISTRIBUIDORA DE AUTO P24012013000000000247815000000000000000000000000000000240120130000000002478150000000000000003214                                    00                
0330003300015J00039992558800001045948144668136204540096965001PELLEGRINO DISTRIBUIDORA DE AU24012013000000000104594000000000000000000000000000000240120130000000001045940000000000000003215                                    00                
0330003300016J00039999558800001078306696534643104540096965001PELLEGRINO DISTRIBUIDORA DE AU24012013000000000107830000000000000000000000000000000240120130000000001078300000000000000003216                                    00                
0330003300017J00034195558800000874561571226457908073000898000SDAP SOROCABA D A P LTDA ME   24012013000000000087456000000000000000000000000000000240120130000000000874560000000000000003217                                    00                
0330003300018J00034199558800002768291090000252410525580825000W DISTRIBUIDORA LTDA          24012013000000000276829000000000000000000000000000000240120130000000002768290000000000000003218                                    00                
0330003300019J00034199558800000231001127381661918513014608000SATTURNO SOROCABA TELEFONIA LT24012013000000000023100000000000000000000000000000000240120130000000000231000000000000000003219                                    00                
0330003300020J00023797558800000682022372196600101520800360080TELEFONICA BRASIL S/A         24012013000000000068202000000000000000000000000000000240120130000000000682020000000000000003221                                    00                
03300035         000022000000000001629464000000000000000000                                                                                                                                                                                     
03300041C2011010 205437537000137003300650049002805030006550000480000414 AUTO GERAL DE ITU LTDA                                                AV DR OCTAVIANO PEREIRA MENDES01333               ITU                 13301000SP                  
0330004300001O00085630000000688700253038760410232190000044513SEFAZ SP IPVA                 24012013240120130000000000068873222                                                                                                                  
0330004300002B   000000000000000                              00000                                                  00000000  240120130000000000000000000000000000000000000000000000000000000000000000000000000000              0000000        
0330004300003O00085670000000741600253038760416212760000044513SEFAZ SP IPVA                 24012013240120130000000000074163223                                                                                                                  
0330004300004B   000000000000000                              00000                                                  00000000  240120130000000000000000000000000000000000000000000000000000000000000000000000000000              0000000        
0330004300005O00085690000000854100253038760209198410000044513SEFAZ SP IPVA                 24012013240120130000000000085413224                                                                                                                  
0330004300006B   000000000000000                              00000                                                  00000000  240120130000000000000000000000000000000000000000000000000000000000000000000000000000              0000000        
03300045         000008000000000000022844                                                                                                                                                                                                       
03399999         000004000041                                                                                                                                                                                                                   
