03300000         2054375370001370033006500490028050300065 0000480000414 AUTO GERAL DE ITU LTDA        BANCO SANTANDER                         12502201310423500010506000000                                        G4016PF00529               G4
03300011C2030030 205437537000137003300650049002805030006550000480000414 AUTO GERAL DE ITU LTDA                                                AV DR OCTAVIANO PEREIRA MENDES01333               ITU                 13301000SP                  
0330001300001J00003394561800000469859492147000000000559210104J FREITAS COM IMP E EXP LTDA  23022013000000000046985000000000000000000000000000000250220130000000000469850000000000000004258                                    00                
0330001300002J00003393562000003780009133966400000000362930102LAMACE COM IMP EXP LTDA       25022013000000000378000000000000000000000000000000000250220130000000003780000000000000000004308                                    00                
03300015         000004000000000000424985000000000000000000                                                                                                                                                                                     
03300021C2031030 205437537000137003300650049002805030006550000480000414 AUTO GERAL DE ITU LTDA                                                AV DR OCTAVIANO PEREIRA MENDES01333               ITU                 13301000SP                  
0330002300001J00034198561800000072501127871284490076000777000CENTER PECAS FABBRI LTDA      23022013000000000007250000000000000000000000000000000250220130000000000072500000000000000004248                                    00                
0330002300002J00034191561800000964111127413576702938036635000DAYCO POWER TRANSMISSION      23022013000000000096411000000000000000000000000000000250220130000000000964110000000000000004249                                    00                
0330002300003J00034198561800004095541127254121032938030539000DELPHI AUTOM SYSTEMS BR LTDA  23022013000000000409554000000000000000000000000000000250220130000000004095540000000000000004250                                    00                
0330002300004J00034197561800000230491127254119802938030539000DELPHI AUTOM SYSTEMS BR LTDA  23022013000000000023049000000000000000000000000000000250220130000000000230490000000000000004251                                    00                
0330002300005J00034191561800000105491127254120462938030539000DELPHI AUTOM SYSTEMS BR LTDA  23022013000000000010549000000000000000000000000000000250220130000000000105490000000000000004252                                    00                
0330002300006J00034191561800000126091127254119562938030539000DELPHI AUTOM SYSTEMS BR LTDA  23022013000000000012609000000000000000000000000000000250220130000000000126090000000000000004253                                    00                
0330002300007J00034191561800000307861127254120792938030539000DELPHI AUTOM SYSTEMS BR LTDA  23022013000000000030786000000000000000000000000000000250220130000000000307860000000000000004254                                    00                
0330002300008J00034191561800000126091127254119232938030539000DELPHI AUTOM SYSTEMS BR LTDA  23022013000000000012609000000000000000000000000000000250220130000000000126090000000000000004255                                    00                
0330002300009J00034197561800000137921127567049492938000052000EATON LTDA                    23022013000000000013792000000000000000000000000000000250220130000000000137920000000000000004256                                    00                
0330002300010J00034191561800000041481127979465092938000052000EATON LTDA                    23022013000000000004148000000000000000000000000000000250220130000000000041480000000000000004257                                    00                
0330002300011J00023791561800000477163394090000016113000324600MORELATE DISTRIBUIDORA DE AUTO23022013000000000047716000000000000000000000000000000250220130000000000477160000000000000004259                                    00                
0330002300012J00023795561800000265552500090256572020400000340ODAPEL DISTRIBUIDORA DE AUTO P23022013000000000026555000000000000000000000000000000250220130000000000265550000000000000004260                                    00                
0330002300013J00023791561800000451520438090057000131300992420OESTCAP DISTR. DE AUTO PECAS L23022013000000000045152000000000000000000000000000000250220130000000000451520000000000000004261                                    00                
0330002300014J00034195561900000601881128018568680237417159000ACCIOLY SA IMP E COM          24022013000000000060188000000000000000000000000000000250220130000000000601880000000000000004262                                    00                
0330002300015J00023797561900001303181316090000010113500009000APS DISTRIBUIDORA DE AUTOPECAS24022013000000000130318000000000000000000000000000000250220130000000001303180000000000000004263                                    00                
0330002300016J00023798561900000286201316090000010113700009000APS DISTRIBUIDORA DE AUTOPECAS24022013000000000028620000000000000000000000000000000250220130000000000286200000000000000004264                                    00                
0330002300017J00023791561900000269821316090000010113600009000APS DISTRIBUIDORA DE AUTOPECAS24022013000000000026982000000000000000000000000000000250220130000000000269820000000000000004265                                    00                
0330002300018J00034199561900000039001127908419130076000777000CENTER PECAS FABBRI LTDA      24022013000000000003900000000000000000000000000000000250220130000000000039000000000000000004266                                    00                
0330002300019J00034194561900000166001127908419050076000777000CENTER PECAS FABBRI LTDA      24022013000000000016600000000000000000000000000000000250220130000000000166000000000000000004267                                    00                
0330002300020J00034199561900000327001127908418970076000777000CENTER PECAS FABBRI LTDA      24022013000000000032700000000000000000000000000000000250220130000000000327000000000000000004268                                    00                
0330002300021J00034192561900000610361127607231662938000052000EATON LTDA                    24022013000000000061036000000000000000000000000000000250220130000000000610360000000000000004269                                    00                
0330002300022J00034195561900001944311127607230002938000052000EATON LTDA                    24022013000000000194431000000000000000000000000000000250220130000000001944310000000000000004270                                    00                
0330002300023J00034199561900000038741127607231092938000052000EATON LTDA                    24022013000000000003874000000000000000000000000000000250220130000000000038740000000000000004271                                    00                
0330002300024J00023791561900000859922500090256572211600000340ODAPEL DISTRIBUIDORA DE AUTO P24022013000000000085992000000000000000000000000000000250220130000000000859920000000000000004272                                    00                
0330002300025J00034191561900008161681127899172860480001510000SUSIN FRANCESCUTTI METAL LTDA 24022013000000000816168000000000000000000000000000000250220130000000008161680000000000000004273                                    00                
0330002300026J00034193562000000740521571684855286260139677000ABDELNOR II COM COMB LTDA     25022013000000000074052000000000000000000000000000000250220130000000000740520000000000000004274                                    00                
0330002300027J00034192562000001805001127913579017460278760000ASTRO TECNOLOGIA I C LTDA     25022013000000000180500000000000000000000000000000000250220130000000001805000000000000000004275                                    00                
0330002300028J00034191562000000745001127967682198514325201000BODIPASA BOMBAS DIESEL PAULIST25022013000000000074500000000000000000000000000000000250220130000000000745000000000000000004276                                    00                
0330002300029J00034195562000001813481127994852331248021303000BANCO FIBRA SA                25022013000000000181348000000000000000000000000000000250220130000000001813480000000000000004277                                    00                
0330002300030J00039993562000000181891768712206204061860231001CAR CENTRAL DE AUTOPECAS E ROL25022013000000000018189000000000000000000000000000000250220130000000000181890000000000000004278                                    00                
0330002300031J00039993562000000263221768712205404061860231001CAR CENTRAL DE AUTOPECAS E ROL25022013000000000026322000000000000000000000000000000250220130000000000263220000000000000004279                                    00                
0330002300032J00034191562000000045501128025114880076000777000CENTER PECAS FABBRI LTDA      25022013000000000004550000000000000000000000000000000250220130000000000045500000000000000004280                                    00                
0330002300033J00023792562000000445560260193032000000800075810CESTARI INDL E COMERCIAL SA   25022013000000000044556000000000000000000000000000000250220130000000000445560000000000000004281                                    00                
0330002300034J00023793562000002820280260193032000000700075810CESTARI INDL E COMERCIAL SA   25022013000000000282028000000000000000000000000000000250220130000000002820280000000000000004282                                    00                
0330002300035J00034194562000001117241090020019581012930309000DECAR AUTOPECAS LTDA          25022013000000000111724000000000000000000000000000000250220130000000001117240000000000000004283                                    00                
0330002300036J00034195562000001727791127917507822938030539000DELPHI AUTOM SYSTEMS BR LTDA  25022013000000000172779000000000000000000000000000000250220130000000001727790000000000000004284                                    00                
0330002300037J00023791562000000339770138093007000006601370000BBL SISTEMAS OPERACIONAIS LTDA25022013000000000033977000000000000000000000000000000250220130000000000339770000000000000004285                                    00                
0330002300038J00034197562000000113281127650580632938000052000EATON LTDA                    25022013000000000011328000000000000000000000000000000250220130000000000113280000000000000004286                                    00                
0330002300039J00034191562000000032511127650586342938000052000EATON LTDA                    25022013000000000003251000000000000000000000000000000250220130000000000032510000000000000004287                                    00                
0330002300040J00034191562000000301491127650586752938000052000EATON LTDA                    25022013000000000030149000000000000000000000000000000250220130000000000301490000000000000004288                                    00                
0330002300041J00034191562000000348811128081858652938000052000EATON LTDA                    25022013000000000034881000000000000000000000000000000250220130000000000348810000000000000004289                                    00                
0330002300042J00034198562000001183801128364748850295821649000FREIOS CONTROIL LTDA          25022013000000000118380000000000000000000000000000000250220130000000001183800000000000000004290                                    00                
0330002300043J00034191562000003068671128364748930295821649000FREIOS CONTROIL LTDA          25022013000000000306867000000000000000000000000000000250220130000000003068670000000000000004291                                    00                
0330002300044J00034194562000005715521561769558466881134644000HAIRAM IND E COM DE AUTOPECAS 25022013000000000571552000000000000000000000000000000250220130000000005715520000000000000004292                                    00                
0330002300045J00000199562000010179860443907953434040000443511IGASA SA IND E COM DE AUTO PEC25022013000000001017986000000000000000000000000000000250220130000000010179860000000000000004293                                    00                
0330002300046J00042299562000000581007115000051187559450518321ISAPA IMP COM LTDA            25022013000000000058100000000000000000000000000000000250220130000000000581000000000000000004294                                    00                
0330002300047J00023798562000000439543372090000005895400584500MAGGI CAMINHOES LTDA          25022013000000000043954000000000000000000000000000000250220130000000000439540000000000000004295                                    00                
0330002300048J00034192562000000451261127767569032938025125000MAHLE METAL LEVE S/A          25022013000000000045126000000000000000000000000000000250220130000000000451260000000000000004296                                    00                
0330002300049J00034191562000000339291127767569112938025125000MAHLE METAL LEVE S/A          25022013000000000033929000000000000000000000000000000250220130000000000339290000000000000004297                                    00                
0330002300050J00034194562000001305341127767568042938025125000MAHLE METAL LEVE S/A          25022013000000000130534000000000000000000000000000000250220130000000001305340000000000000004298                                    00                
0330002300051J00034191562000000137611127767568122938025125000MAHLE METAL LEVE S/A          25022013000000000013761000000000000000000000000000000250220130000000000137610000000000000004299                                    00                
0330002300052J00034195562000000571061127767568202938025125000MAHLE METAL LEVE S/A          25022013000000000057106000000000000000000000000000000250220130000000000571060000000000000004300                                    00                
0330002300053J00034193562000000285021127767568382938025125000MAHLE METAL LEVE S/A          25022013000000000028502000000000000000000000000000000250220130000000000285020000000000000004301                                    00                
0330002300054J00039996562000000945733133551235105313093513001REAL MOTO PECAS LTDA          25022013000000000094573000000000000000000000000000000250220130000000000945730000000000000004302                                    00                
0330002300055J00039991562000001552543133551241605313093513001REAL MOTO PECAS LTDA          25022013000000000155254000000000000000000000000000000250220130000000001552540000000000000004303                                    00                
0330002300056J00039997562000001460723133547648705313093513001REAL MOTO PECAS LTDA          25022013000000000146072000000000000000000000000000000250220130000000001460720000000000000004304                                    00                
0330002300057J00023797562000002918403395061180232906500028140ROCHESTER DISTRIBUIDORA DE AUT25022013000000000291840000000000000000000000000000000250220130000000002918400000000000000004305                                    00                
0330002300058J00023792562000001281501998190000010217600503970VANUCCI IMPORTACAO EXPORT. E C25022013000000000128150000000000000000000000000000000250220130000000001281500000000000000004306                                    00                
0330002300059J00010493561900001316383602168000200040110928570PREFEITURA MUNICIPAL DE INDAIA24022013000000000131638000000000003949000000000000000250220130000000001276890000000000000004307                                    00                
0330002300060J00023792561900000542672372196600104686000360080TELEFONICA BRASIL S/A         24022013000000000054267000000000000000000000000000000250220130000000000542670000000000000004309                                    00                
0330002300061J00040997562000000510005267115800100200071483540UNIMED SALTO/ITU COOP TRAB MED25022013000000000051000000000000000000000000000000000250220130000000000510000000000000000004310                                    00                
03300025         000063000000000006959765000000000000000000                                                                                                                                                                                     
03300031C2011010 205437537000137003300650049002805030006550000480000414 AUTO GERAL DE ITU LTDA                                                AV DR OCTAVIANO PEREIRA MENDES01333               ITU                 13301000SP                  
0330003300001O00084630000001594902512013021029500000024143751NET SAO PAULO LTDA - SP       25022013250220130000000000159494311                                                                                                                  
0330003300002B   000000000000000                              00000                                                  00000000  250220130000000000000000000000000000000000000000000000000000000000000000000000000000              0000000        
03300035         000004000000000000015949                                                                                                                                                                                                       
03399999         000003000073                                                                                                                                                                                                                   
