03300000         2054375370001370033006500490028050300065 0000480000414 AUTO GERAL DE ITU LTDA        BANCO SANTANDER                         12501201310443000008406000000                                        G4016PF00528               G4
03300011C2030030 205437537000137003300650049002805030006550000480000414 AUTO GERAL DE ITU LTDA                                                AV DR OCTAVIANO PEREIRA MENDES01333               ITU                 13301000SP                  
0330001300001J00003391558900000507009151176900000230157560102INFOR-REL COM SERV LTDA EPP   25012013000000000050700000000000000000000000000000000250120130000000000507000000000000000003252                                    00                
03300015         000003000000000000050700000000000000000000                                                                                                                                                                                     
03300021C2031030 205437537000137003300650049002805030006550000480000414 AUTO GERAL DE ITU LTDA                                                AV DR OCTAVIANO PEREIRA MENDES01333               ITU                 13301000SP                  
0330002300001J00034191558900000094501127217851970076000777000CENTER PECAS FABBRI LTDA      25012013000000000009450000000000000000000000000000000250120130000000000094500000000000000003226                                    00                
0330002300002J00034197558900000025001127217852130076000777000CENTER PECAS FABBRI LTDA      25012013000000000002500000000000000000000000000000000250120130000000000025000000000000000003227                                    00                
0330002300003J00034192558900001048001127282764480076000777000CENTER PECAS FABBRI LTDA      25012013000000000104800000000000000000000000000000000250120130000000001048000000000000000003228                                    00                
0330002300004J00034193558900000096001127282764550076000777000CENTER PECAS FABBRI LTDA      25012013000000000009600000000000000000000000000000000250120130000000000096000000000000000003229                                    00                
0330002300005J00023796558900000317173262090000033047700935470COMDIP COMERCIAL DISTR DE PECA25012013000000000031717000000000000000000000000000000250120130000000000317170000000000000003230                                    00                
0330002300006J00034193558900000920151571287722534522114471000COML NV MILLENNIUN A P LTDA EP25012013000000000092015000000000004600000000000000000250120130000000000874150000000000000003231                                    00                
0330002300007J00034191558900003360001126367368142938030539000DELPHI AUTOM SYSTEMS BR LTDA  25012013000000000336000000000000000000000000000000000250120130000000003360000000000000000003232                                    00                
0330002300008J00035699558900000114740689070323440000004899141DISTRIBUIDORA AUTOMOTIVA S/A  25012013000000000011474000000000000000000000000000000250120130000000000114740000000000000003233                                    00                
0330002300009J00035692558900000418380689070323420000004898947DISTRIBUIDORA AUTOMOTIVA S/A  25012013000000000041838000000000000000000000000000000250120130000000000418380000000000000003234                                    00                
0330002300010J00035693558900000244960689070323420000004899036DISTRIBUIDORA AUTOMOTIVA S/A  25012013000000000024496000000000000000000000000000000250120130000000000244960000000000000003235                                    00                
0330002300011J00023794558900000296560138092349000002601453000OBB CONSULTORIA E PARTICIPACOE25012013000000000029656000000000000000000000000000000250120130000000000296560000000000000003236                                    00                
0330002300012J00034194558900000324101126465370382938000052000EATON LTDA                    25012013000000000032410000000000000000000000000000000250120130000000000324100000000000000003237                                    00                
0330002300013J00034195558900000487931126465371602938000052000EATON LTDA                    25012013000000000048793000000000000000000000000000000250120130000000000487930000000000000003238                                    00                
0330002300014J00034197558900000090521126500592592938000052000EATON LTDA                    25012013000000000009052000000000000000000000000000000250120130000000000090520000000000000003239                                    00                
0330002300015J00034191558900000901941126931873072938000052000EATON LTDA                    25012013000000000090194000000000000000000000000000000250120130000000000901940000000000000003240                                    00                
0330002300016J00034195558900000099931090304366960109276204000GIRANDO COMERCIO DE PECAS LTDA25012013000000000009993000000000000000000000000000000250120130000000000099930000000000000003241                                    00                
0330002300017J00034194558900000514741090304367040109276204000GIRANDO COMERCIO DE PECAS LTDA25012013000000000051474000000000000000000000000000000250120130000000000514740000000000000003242                                    00                
0330002300018J00034197558900000181001090000071490164466153000IRANI MANSINI AMARAL ME       25012013000000000018100000000000000000000000000000000250120130000000000181000000000000000003243                                    00                
0330002300019J00023793558900004768972500090256570286100000340ODAPEL DISTRIBUIDORA DE AUTO P25012013000000000476897000000000000000000000000000000250120130000000004768970000000000000003244                                    00                
0330002300020J00023792558900005532272500090256570289500000340ODAPEL DISTRIBUIDORA DE AUTO P25012013000000000553227000000000000000000000000000000250120130000000005532270000000000000003245                                    00                
0330002300021J00034198558900001397161127180901140028711018000POPPE DO BRASIL LTDA          25012013000000000139716000000000000000000000000000000250120130000000001397160000000000000003246                                    00                
0330002300022J00039998558900009733812315376959105313093513001REAL MOTO PECAS LTDA          25012013000000000973381000000000000000000000000000000250120130000000009733810000000000000003247                                    00                
0330002300023J00039991558900001255772315361446605313093513001REAL MOTO PECAS LTDA          25012013000000000125577000000000000000000000000000000250120130000000001255770000000000000003248                                    00                
0330002300024J00034191558900005364791127715940850065689424000SDUBO COM. IND. LTDA          25012013000000000536479000000000000000000000000000000250120130000000005364790000000000000003249                                    00                
0330002300025J00034192558900005791761127485105033184122228000UNIVERSAL AUTOMOTIVE SYSTEMS S25012013000000000579176000000000000000000000000000000250120130000000005791760000000000000003250                                    00                
0330002300026J00034191558900000765681571245382956260139677000ABDELNOR II COM COMB LTDA     25012013000000000076568000000000000000000000000000000250120130000000000765680000000000000003251                                    00                
03300025         000028000000000004409983000000000000000000                                                                                                                                                                                     
03300031C2016010 205437537000137003300650049002805030006550000480000414 AUTO GERAL DE ITU LTDA                                                AV DR OCTAVIANO PEREIRA MENDES01333               ITU                 13301000SP                  
0330003300001N0003253                                    AUTO GERAL DE ITU LTDA        25012013000000000282759008109020543753700013716311220120000000000000000000000000028275900000000000000000000000000000025012013                            
0330003300002B   205437537000137                              00000                                                  00000000  250120130000000000000000000000000000000000000000000000000000000000000000000000000000              0000000        
0330003300003N0003254                                    AUTO GERAL DE ITU LTDA        25012013000000001305042002172020543753700013716311220120000000000000000000000000130504200000000000000000000000000000025012013                            
0330003300004B   205437537000137                              00000                                                  00000000  250120130000000000000000000000000000000000000000000000000000000000000000000000000000              0000000        
03300035         000006000000000001587801                                                                                                                                                                                                       
03399999         000003000039                                                                                                                                                                                                                   
