03300000         2054375370001370033006500490028050300065 0000480000414 AUTO GERAL DE ITU LTDA        BANCO SANTANDER                         12503201310425200012606000000                                        G4016PF00531               G4
03300011C2003031 2054375370001370033006500490028050300065 0000480000414 AUTO GERAL DE ITU LTDA                                                AV DR OCTAVIANO PEREIRA MENDES01333               ITU                 13301000SP                  
0330001300001A0007000010183090000000331597 VERBENA DISTRIBUICAO DE AUTOPE5263                25032013BRL000000000000000000000000373381                    00000000000000000000000                                        07          0          
0330001300002B   210733560000109                              00000                                                  00000000  250320130000000003733810000000000000000000000000000000000000000000000000000000000000000           00000          
0330001300003A0007002370161400000000575402 AUTO POSTO CENTURY CAR LTDA   5264                25032013BRL000000000000000000000000073462                    00000000000000000000000                                        07          0          
0330001300004B   210417359000112                              00000                                                  00000000  250320130000000000734620000000000000000000000000000000000000000000000000000000000000000           00000          
03300015         000006000000000000446843000000000000000000                                                                                                                                                                                     
03300021C2030030 205437537000137003300650049002805030006550000480000414 AUTO GERAL DE ITU LTDA                                                AV DR OCTAVIANO PEREIRA MENDES01333               ITU                 13301000SP                  
0330002300001J00003391564700001082839421259200000000475890101GUMP MOTORS COMPONENTES AUTOMO24032013000000000108283000000000000000000000000000000250320130000000001082830000000000000005214                                    00                
0330002300002J00003392564800000576729474127700000007461000203LUPORINI DISTR DE AUTOPECAS LT25032013000000000057672000000000000000000000000000000250320130000000000576720000000000000005242                                    00                
03300025         000004000000000000165955000000000000000000                                                                                                                                                                                     
03300031C2031030 205437537000137003300650049002805030006550000480000414 AUTO GERAL DE ITU LTDA                                                AV DR OCTAVIANO PEREIRA MENDES01333               ITU                 13301000SP                  
0330003300001J00034196564600000292711127815443858514325201000BODIPASA BOMBAS DIESEL PAULIST23032013000000000029271000000000000000000000000000000250320130000000000292710000000000000005194                                    00                
0330003300002J00034191564600000115501128732615340076000777000CENTER PECAS FABBRI LTDA      23032013000000000011550000000000000000000000000000000250320130000000000115500000000000000005195                                    00                
0330003300003J00034198564600000029501128732615910076000777000CENTER PECAS FABBRI LTDA      23032013000000000002950000000000000000000000000000000250320130000000000029500000000000000005196                                    00                
0330003300004J00034192564600000150001128732615590076000777000CENTER PECAS FABBRI LTDA      23032013000000000015000000000000000000000000000000000250320130000000000150000000000000000005197                                    00                
0330003300005J00023799564600000778330119060000001043500682000CORCERAMA COM DE AUTOPECAS LTD23032013000000000077833000000000000000000000000000000250320130000000000778330000000000000005198                                    00                
0330003300006J00034191564600000040261127979518552938000052000EATON LTDA                    23032013000000000004026000000000000000000000000000000250320130000000000040260000000000000005199                                    00                
0330003300007J00023791564600000736163180091330521551500158190GUPE DISTR DE AUTOPECAS LTDA  23032013000000000073616000000000000000000000000000000250320130000000000736160000000000000005200                                    00                
0330003300008J00034197564600000524001128649016680384625000000PECAS AUTOMOTIVAS ZEENE LTDA  23032013000000000052400000000000000000000000000000000250320130000000000524000000000000000005201                                    00                
0330003300009J00023792564600000738633395061180232936300028140ROCHESTER DISTRIBUIDORA DE AUT23032013000000000073863000000000000000000000000000000250320130000000000738630000000000000005202                                    00                
0330003300010J00023791564600002517002298091330670880300174310SLION IMP EXP COM PROD AUT LTD23032013000000000251700000000000000000000000000000000250320130000000002517000000000000000005203                                    00                
0330003300011J00034191564700000601871128018568840237417159000ACCIOLY SA IMP E COM          24032013000000000060187000000000000000000000000000000250320130000000000601870000000000000005204                                    00                
0330003300012J00034194564700000623901128772145050237417159000ACCIOLY SA IMP E COM          24032013000000000062390000000000000000000000000000000250320130000000000623900000000000000005205                                    00                
0330003300013J00034195564700000042001128732579790076000777000CENTER PECAS FABBRI LTDA      24032013000000000004200000000000000000000000000000000250320130000000000042000000000000000005206                                    00                
0330003300014J00034194564700000068501128732579870076000777000CENTER PECAS FABBRI LTDA      24032013000000000006850000000000000000000000000000000250320130000000000068500000000000000005207                                    00                
0330003300015J00034199564700001343711128835330212938000052000EATON LTDA                    24032013000000000134371000000000000000000000000000000250320130000000001343710000000000000005208                                    00                
0330003300016J00034191564700002475061128835339062938000052000EATON LTDA                    24032013000000000247506000000000000000000000000000000250320130000000002475060000000000000005209                                    00                
0330003300017J00034196564700000125801128835342502938000052000EATON LTDA                    24032013000000000012580000000000000000000000000000000250320130000000000125800000000000000005210                                    00                
0330003300018J00034191564700000141541128835332782938000052000EATON LTDA                    24032013000000000014154000000000000000000000000000000250320130000000000141540000000000000005211                                    00                
0330003300019J00034197564700001242861128777817272938000052000EATON LTDA                    24032013000000000124286000000000000000000000000000000250320130000000001242860000000000000005212                                    00                
0330003300020J00034199564700000609341127928476782938107808000ELIVEL AUTOMOTORES LTDA       24032013000000000060934000000000000000000000000000000250320130000000000609340000000000000005213                                    00                
0330003300021J00023798564700000773403180091330531556300158190GUPE DISTR DE AUTOPECAS LTDA  24032013000000000077340000000000000000000000000000000250320130000000000773400000000000000005215                                    00                
0330003300022J00023793564700000700763394090000017676300324600MORELATE DISTRIBUIDORA DE AUTO24032013000000000070076000000000000000000000000000000250320130000000000700760000000000000005216                                    00                
0330003300023J00023799564700000280003395090000005282600650000SORANA SUL                    24032013000000000028000000000000000000000000000000000250320130000000000280000000000000000005217                                    00                
0330003300024J00000196564700003120192912270000000000000120821SOUTEX CONFECCOES LTDA        24032013000000000312019000000000000000000000000000000250320130000000003120190000000000000005218                                    00                
0330003300025J00000192564700000708040000001291892000004774217VESPOR AUTOMOTIVE DIST DE AUTO24032013000000000070804000000000000000000000000000000250320130000000000708040000000000000005219                                    00                
0330003300026J00000193564700000732200000001291892000004774317VESPOR AUTOMOTIVE DIST DE AUTO24032013000000000073220000000000000000000000000000000250320130000000000732200000000000000005220                                    00                
0330003300027J00023798564700000807113381093073000059700030500CREDIT BRASIL FUNDO DE INVESTI24032013000000000080711000000000000000000000000000000250320130000000000807110000000000000005221                                    00                
0330003300028J00023793564700000377063381093073000059600030500CREDIT BRASIL FUNDO DE INVESTI24032013000000000037706000000000000000000000000000000250320130000000000377060000000000000005222                                    00                
0330003300029J00034191564800001074431572130133826260139677000ABDELNOR II COM COMB LTDA     25032013000000000107443000000000000000000000000000000250320130000000001074430000000000000005223                                    00                
0330003300030J00023797564800003497601743091330810003700342030ADACOPLAM AUTOPARTS COM INDL L25032013000000000349760000000000000000000000000000000250320130000000003497600000000000000005224                                    00                
0330003300031J00034198564800000180001129208377999107002439000AUTO PECAS CASTRO LTDA        25032013000000000018000000000000000000000000000000000250320130000000000180000000000000000005225                                    00                
0330003300032J00039995564800000091611770634020311960078237001BAP AUTOMOTIVA LTDA           25032013000000000009161000000000000000000000000000000250320130000000000091610000000000000005226                                    00                
0330003300033J00023792000000000000002025062025292012500001600BARROS E FILHOS LTDA          25032013000000000147116000000000000000000000000000000250320130000000001471160000000000000005227                                    00                
0330003300034J00034191564800001813471127994852661248021303000BANCO FIBRA SA                25032013000000000181347000000000000000000000000000000250320130000000001813470000000000000005228                                    00                
0330003300035J00023795564800002210603393020000000891400443380BRASRODA IND E COMERCIO DE ROD25032013000000000221060000000000000000000000000000000250320130000000002210600000000000000005229                                    00                
0330003300036J00034198564800000631541090000073920350755971000COSMOVIX DISTRIBUIDORA LTDA   25032013000000000063154000000000000000000000000000000250320130000000000631540000000000000005230                                    00                
0330003300037J00000192564800000555540000002101041444526285111DECAL LINE COM PREST SERV SILK25032013000000000055554000000000000000000000000000000250320130000000000555540000000000000005231                                    00                
0330003300038J00034194564800001728301127917508082938030539000DELPHI AUTOM SYSTEMS BR LTDA  25032013000000000172830000000000000000000000000000000250320130000000001728300000000000000005232                                    00                
0330003300039J00035698564800000426550689070323410000003267335DISTRIBUIDORA AUTOMOTIVA S.A. 25032013000000000042655000000000000000000000000000000250320130000000000426550000000000000005233                                    00                
0330003300040J00023791564800000407760138093049000007001370000BBL SISTEMAS OPERACIONAIS LTDA25032013000000000040776000000000000000000000000000000250320130000000000407760000000000000005234                                    00                
0330003300041J00023791564800000285470138093057000002201370000BBL SISTEMAS OPERACIONAIS LTDA25032013000000000028547000000000000000000000000000000250320130000000000285470000000000000005235                                    00                
0330003300042J00034191564800003828771129319011960249809195000DRIVEWAY INDUSTRIA BRASILEIRA 25032013000000000382877000000000000000000000000000000250320130000000003828770000000000000005236                                    00                
0330003300043J00034194564800004592281129319011620249809195000DRIVEWAY INDUSTRIA BRASILEIRA 25032013000000000459228000000000000000000000000000000250320130000000004592280000000000000005237                                    00                
0330003300044J00034191564800000338541128081975892938000052000EATON LTDA                    25032013000000000033854000000000000000000000000000000250320130000000000338540000000000000005238                                    00                
0330003300045J00034199564800000151961090304674360109276204000GIRANDO COMERCIO DE PECAS LTDA25032013000000000015196000000000000000000000000000000250320130000000000151960000000000000005239                                    00                
0330003300046J00034194564800000196451090304669660109276204000GIRANDO COMERCIO DE PECAS LTDA25032013000000000019645000000000000000000000000000000250320130000000000196450000000000000005240                                    00                
0330003300047J00034199564800001047221129143679100054841622000NEW TRADE FOM MERCANTIL LTDA  25032013000000000104722000000000000000000000000000000250320130000000001047220000000000000005241                                    00                
0330003300048J00023792564800000054003372090000006006700584500MAGGI CAMINHOES LTDA          25032013000000000005400000000000000000000000000000000250320130000000000054000000000000000005243                                    00                
0330003300049J00023791564800000198323372097672307876800536350MAGGI MOTOS LTDA              25032013000000000019832000000000000000000000000000000250320130000000000198320000000000000005244                                    00                
0330003300050J00023794564800000477153394090000016113100324600MORELATE DISTRIBUIDORA DE AUTO25032013000000000047715000000000000000000000000000000250320130000000000477150000000000000005245                                    00                
0330003300051J00023791564800000297892500090256574220400000340ODAPEL DISTRIBUIDORA DE AUTO P25032013000000000029789000000000000000000000000000000250320130000000000297890000000000000005246                                    00                
0330003300052J00023794564800002902352500090256574190300000340ODAPEL DISTRIBUIDORA DE AUTO P25032013000000000290235000000000000000000000000000000250320130000000002902350000000000000005247                                    00                
0330003300053J00034191000000000000001219822384471012365225000PACAEMBU AUTO PECAS LTDA      25032013000000000024982000000000000000000000000000000250320130000000000249820000000000000005248                                    00                
0330003300054J00023791564800000375903484093052000154801129000PETRONAS LUBRIFICANTES BRASIL 25032013000000000037590000000000000000000000000000000250320130000000000375900000000000000005249                                    00                
0330003300055J00034197564800003673051129420157540191074004000POLIPECAS COMERCIAL E IMPORTAD25032013000000000367305000000000025711000000000000000250320130000000003415940000000000000005250                                    00                
0330003300056J00039997564800002617772995107001505313093513001REAL MOTO PECAS LTDA          25032013000000000261777000000000000000000000000000000250320130000000002617770000000000000005251                                    00                
0330003300057J00023799564800002970503395061180232940100028140ROCHESTER DISTRIBUIDORA DE AUT25032013000000000297050000000000000000000000000000000250320130000000002970500000000000000005252                                    00                
0330003300058J00000192564800001880300000001451450000037970517SK AUTOMOTIVE S/A DISTR AUTOPE25032013000000000188030000000000000000000000000000000250320130000000001880300000000000000005253                                    00                
0330003300059J00000197564800000638120000001451450000037963517SK AUTOMOTIVE S/A DISTR AUTOPE25032013000000000063812000000000000000000000000000000250320130000000000638120000000000000005254                                    00                
0330003300060J00023792564800000400663178300000006867600421060TUPER DISTRIB. PROD. METALURGI25032013000000000040066000000000000000000000000000000250320130000000000400660000000000000005255                                    00                
0330003300061J00039996564800000110821770505281604540079149001BANCO SOFISA SA               25032013000000000011082000000000000000000000000000000250320130000000000110820000000000000005256                                    00                
0330003300062J00039994564800000384721770505280804540079149001BANCO SOFISA SA               25032013000000000038472000000000000000000000000000000250320130000000000384720000000000000005257                                    00                
0330003300063J00010491564700001316383602168000200040210928572PREFEITURA MUNICIPAL DE INDAIA24032013000000000131638000000000003949000000000000000250320130000000001276890000000000000005258                                    00                
0330003300064J00023796564700000527912372196600107834600360080TELEFONICA BRASIL S/A         24032013000000000052791000000000000000000000000000000250320130000000000527910000000000000005259                                    00                
0330003300065J00009091564700001105203801000010023413000200559UNIMED SALTO/ITU COOP TRAB MED24032013000000000110520000000000000000000000000000000250320130000000001105200000000000000005260                                    00                
0330003300066J00023796564800000003790364060000212354100001400PREFEITURA MUNICIPAL DE PORTO 25032013000000000000379000000000000000000000000000000250320130000000000003790000000000000005261                                    00                
03300035         000068000000000006511273000000000000000000                                                                                                                                                                                     
03300041C2011010 205437537000137003300650049002805030006550000480000414 AUTO GERAL DE ITU LTDA                                                AV DR OCTAVIANO PEREIRA MENDES01333               ITU                 13301000SP                  
0330004300001O00082660000000683300910000020131303923600100104SAAE SOROCABA                 25032013250320130000000000068335262                                                                                                                  
0330004300002B   000000000000000                              00000                                                  00000000  250320130000000000000000000000000000000000000000000000000000000000000000000000000000              0000000        
03300045         000004000000000000006833                                                                                                                                                                                                       
03399999         000004000084                                                                                                                                                                                                                   
