03300000         2054375370001370033006500490028050300065 0000480000414 AUTO GERAL DE ITU LTDA        BANCO SANTANDER                         12602201310233800010606000000                                        G4016PF00529               G4
03300011C2003031 2054375370001370033006500490028050300065 0000480000414 AUTO GERAL DE ITU LTDA                                                AV DR OCTAVIANO PEREIRA MENDES01333               ITU                 13301000SP                  
0330001300001A0007000010154660000002050374 GERAL PARTS COM PECAS E ABRASI4324                26022013BRL000000000000000000000000062477                    00000000000000000000000                                        07          0          
0330001300002B   252472438000176                              00000                                                  00000000  260220130000000000624770000000000000000000000000000000000000000000000000000000000000000           00000          
03300015         000004000000000000062477000000000000000000                                                                                                                                                                                     
03300021C2030030 205437537000137003300650049002805030006550000480000414 AUTO GERAL DE ITU LTDA                                                AV DR OCTAVIANO PEREIRA MENDES01333               ITU                 13301000SP                  
0330002300001J00003391562100002601539141963300000007574890201VALERIA DAVANSO AGUADO        26022013000000000260153000000000000000000000000000000260220130000000002601530000000000000004323                                    00                
0330002300002J00003398562200000496669173505500000006044100203BODIPASA BOMBAS DIESEL PAULIST27022013000000000049666000000000000000000000000000000260220130000000000496660000000000000004325                                    00                
0330002300003J00003392562200000503899472544100000001082600104CINPAL CIA IND DE PECAS P/ AUT27022013000000000050389000000000000000000000000000000260220130000000000503890000000000000004327                                    00                
0330002300004J00003392562200000502009492147000000000568040104J FREITAS COM IMP E EXP LTDA  27022013000000000050200000000000000000000000000000000260220130000000000502000000000000000004336                                    00                
03300025         000006000000000000410408000000000000000000                                                                                                                                                                                     
03300031C2031030 205437537000137003300650049002805030006550000480000414 AUTO GERAL DE ITU LTDA                                                AV DR OCTAVIANO PEREIRA MENDES01333               ITU                 13301000SP                  
0330003300001J00034198562100000532541571683036260278483557000AUTO POSTO ESTRADAO DE ITU LTD26022013000000000053254000000000000000000000000000000260220130000000000532540000000000000004312                                    00                
0330003300002J00023795562100000368892002061301406280100829680COMERCIAL AUTOMOTIVA S.A.     26022013000000000036889000000000000000000000000000000260220130000000000368890000000000000004313                                    00                
0330003300003J00034191562100000075481127330750582938000052000EATON LTDA                    26022013000000000007548000000000000000000000000000000260220130000000000075480000000000000004314                                    00                
0330003300004J00034192562100000192851127863018562938000052000EATON LTDA                    26022013000000000019285000000000000000000000000000000260220130000000000192850000000000000004315                                    00                
0330003300005J00023791562100000872171969093039000031300333460EWF IMPORT EXP COMERCIO LTDA  26022013000000000087217000000000000000000000000000000260220130000000000872170000000000000004316                                    00                
0330003300006J00034198562100000559441090008746252938050420000ITA PECAS PARA VEIC COM E SERV26022013000000000055944000000000000000000000000000000260220130000000000559440000000000000004317                                    00                
0330003300007J00034197562100000632001127211253292938074016000ITAVOX VEICULOS               26022013000000000063200000000000000000000000000000000260220130000000000632000000000000000004318                                    00                
0330003300008J00023792562100000658903394090000013387300324600MORELATE DISTRIBUIDORA DE AUTO26022013000000000065890000000000000000000000000000000260220130000000000658900000000000000004319                                    00                
0330003300009J00039995562100002681283133538451505313093513001REAL MOTO PECAS LTDA          26022013000000000268128000000000000000000000000000000260220130000000002681280000000000000004320                                    00                
0330003300010J00034192562100002905201128041738732938016363000RR DONNELLEY MOORE EDT GR LTDA26022013000000000290520000000000000000000000000000000260220130000000002905200000000000000004321                                    00                
0330003300011J00000194562100000247380444243202433260008018911T-PARTS COML E IMP DE AUTOPECA26022013000000000024738000000000000000000000000000000260220130000000000247380000000000000004322                                    00                
0330003300012J00034191562200000190701128278478590076000777000CENTER PECAS FABBRI LTDA      27022013000000000019070000000000000000000000000000000260220130000000000190700000000000000004326                                    00                
0330003300013J00023791562200007538403396092325000000400008270CINPAL CIA IND DE PECAS P/ AUT27022013000000000753840000000000000000000000000000000260220130000000007538400000000000000004328                                    00                
0330003300014J00023795562200000851143396092325000000800008270CINPAL CIA IND DE PECAS P/ AUT27022013000000000085114000000000000000000000000000000260220130000000000851140000000000000004329                                    00                
0330003300015J00023799562200000251102002061301407126100829680COMERCIAL AUTOMOTIVA S.A.     27022013000000000025110000000000000000000000000000000260220130000000000251100000000000000004330                                    00                
0330003300016J00035693562200000122240689070323420000003263291DISTRIBUIDORA AUTOMOTIVA S.A. 27022013000000000012224000000000000000000000000000000260220130000000000122240000000000000004331                                    00                
0330003300017J00034193562200000590781126422893032938107808000ELIVEL AUTOMOTORES LTDA       27022013000000000059078000000000000000000000000000000260220130000000000590780000000000000004332                                    00                
0330003300018J00034192562200000332991090304530630109276204000GIRANDO COMERCIO DE PECAS LTDA27022013000000000033299000000000000000000000000000000260220130000000000332990000000000000004333                                    00                
0330003300019J00034191562200000179991090304529820109276204000GIRANDO COMERCIO DE PECAS LTDA27022013000000000017999000000000000000000000000000000260220130000000000179990000000000000004334                                    00                
0330003300020J00000191562200000453000000001451672442886058611BANCO VOTORANTIM SA           27022013000000000045300000000000000000000000000000000260220130000000000453000000000000000004335                                    00                
0330003300021J00023792562200000195003372097310006546100731000MAGGI AUTOMOVEIS LTDA         27022013000000000019500000000000000000000000000000000260220130000000000195000000000000000004337                                    00                
0330003300022J00034192562200001281491127853073672938025125000MAHLE METAL LEVE S/A          27022013000000000128149000000000000000000000000000000260220130000000001281490000000000000004338                                    00                
0330003300023J00034198562200000226271127853073752938025125000MAHLE METAL LEVE S/A          27022013000000000022627000000000000000000000000000000260220130000000000226270000000000000004339                                    00                
0330003300024J00023795562200005746941449093051000000400486600MICHAEL SANTOS DA SILVA PECAS 27022013000000000574694000000000000000000000000000000260220130000000005746940000000000000004340                                    00                
0330003300025J00023799562200000300000328060000000970200026300COMERCIAL RT                  27022013000000000030000000000000000000000000000000000260220130000000000300000000000000000004341                                    00                
0330003300026J00023798562200000552593395090000005104500650000SORANA SUL                    27022013000000000055259000000000000000000000000000000260220130000000000552590000000000000004342                                    00                
0330003300027J00023791562200000242261998190000011360800503970VANUCCI IMPORTACAO EXPORT. E C27022013000000000024226000000000000000000000000000000260220130000000000242260000000000000004343                                    00                
0330003300028J00039991562200000311841768732349104540079149001BANCO SOFISA SA               27022013000000000031184000000000000000000000000000000260220130000000000311840000000000000004344                                    00                
03300035         000030000000000002909286000000000000000000                                                                                                                                                                                     
03399999         000003000042                                                                                                                                                                                                                   
