03300000         2054375370001370033006500490028050300065 0000480000414 AUTO GERAL DE ITU LTDA        BANCO SANTANDER                         12603201310051300012806000000                                        G4016PF00531               G4
03300011C2003031 2054375370001370033006500490028050300065 0000480000414 AUTO GERAL DE ITU LTDA                                                AV DR OCTAVIANO PEREIRA MENDES01333               ITU                 13301000SP                  
0330001300001A0007000010154660000002050374 GERAL PARTS COM PECAS E ABRASI5289                26032013BRL000000000000000000000000153771                    00000000000000000000000                                        07          0          
0330001300002B   252472438000176                              00000                                                  00000000  260320130000000001537710000000000000000000000000000000000000000000000000000000000000000           00000          
03300015         000004000000000000153771000000000000000000                                                                                                                                                                                     
03300021C2030030 205437537000137003300650049002805030006550000480000414 AUTO GERAL DE ITU LTDA                                                AV DR OCTAVIANO PEREIRA MENDES01333               ITU                 13301000SP                  
0330002300001J00003393564900002601549141963300000007575000201VALERIA DAVANSO AGUADO        26032013000000000260154000000000000000000000000000000260320130000000002601540000000000000005287                                    00                
03300025         000003000000000000260154000000000000000000                                                                                                                                                                                     
03300031C2031030 205437537000137003300650049002805030006550000480000414 AUTO GERAL DE ITU LTDA                                                AV DR OCTAVIANO PEREIRA MENDES01333               ITU                 13301000SP                  
0330003300001J00034191564900001316941128772145390237417159000ACCIOLY SA IMP E COM          26032013000000000131694000000000000000000000000000000260320130000000001316940000000000000005267                                    00                
0330003300002J00034199564900000409971572134806500278483557000AUTO POSTO ESTRADAO DE ITU LTD26032013000000000040997000000000000000000000000000000260320130000000000409970000000000000005268                                    00                
0330003300003J00034199564900001006681128805139358514325201000BODIPASA BOMBAS DIESEL PAULIST26032013000000000100668000000000000000000000000000000260320130000000001006680000000000000005269                                    00                
0330003300004J00023791564900000896243397093074000008600008840CINDUMEL CIA IND DE METAIS E L26032013000000000089624000000000000000000000000000000260320130000000000896240000000000000005270                                    00                
0330003300005J00023795564900000266632002061301417207100829680COMERCIAL AUTOMOTIVA S.A.     26032013000000000026663000000000000000000000000000000260320130000000000266630000000000000005271                                    00                
0330003300006J00023798564900000332552002061301416867100829680COMERCIAL AUTOMOTIVA S.A.     26032013000000000033255000000000000000000000000000000260320130000000000332550000000000000005272                                    00                
0330003300007J00035698564900000119500689070323440000003267506DISTRIBUIDORA AUTOMOTIVA S.A. 26032013000000000011950000000000000000000000000000000260320130000000000119500000000000000005273                                    00                
0330003300008J00039999564900000401481770049213304570524809001F CONFUORTO IND COM PCS LTDA  26032013000000000040148000000000000000000000000000000260320130000000000401480000000000000005274                                    00                
0330003300009J00034192564900000668571128901943790046365078000FELICIO VIGORITO FILHOS LTDA  26032013000000000066857000000000000000000000000000000260320130000000000668570000000000000005275                                    00                
0330003300010J00000191564900000292701204334788128150001150017JANCAP COMERCIO IMPORTACAO E E26032013000000000029270000000000000000000000000000000260320130000000000292700000000000000005276                                    00                
0330003300011J00000194564900000134700000002274856000026372417KRE COMERCIO DE PECAS LTDA    26032013000000000013470000000000000000000000000000000260320130000000000134700000000000000005277                                    00                
0330003300012J00023791564900000240000136093058000001501269910MEMORIAL COMERCIO DE PECAS LTD26032013000000000024000000000000000000000000000000000260320130000000000240000000000000000005278                                    00                
0330003300013J00034193564900003674521129420157620191074004000POLIPECAS COMERCIAL E IMPORTAD26032013000000000367452000000000025722000000000000000260320130000000003417300000000000000005279                                    00                
0330003300014J00000195564900007267870000001597457132220842517PETROBRAS DISTRIBUIDORA       26032013000000000726787000000000000000000000000000000260320130000000007267870000000000000005280                                    00                
0330003300015J00000198564900000451230000001597457132220842817PETROBRAS DISTRIBUIDORA       26032013000000000045123000000000000000000000000000000260320130000000000451230000000000000005281                                    00                
0330003300016J00000199564900004549330000001597457132220841917PETROBRAS DISTRIBUIDORA       26032013000000000454933000000000000000000000000000000260320130000000004549330000000000000005282                                    00                
0330003300017J00000197564900002777110000001597457132220842217PETROBRAS DISTRIBUIDORA       26032013000000000277711000000000000000000000000000000260320130000000002777110000000000000005283                                    00                
0330003300018J00039998564900001077663133588045805313093513001REAL MOTO PECAS LTDA          26032013000000000107766000000000000000000000000000000260320130000000001077660000000000000005284                                    00                
0330003300019J00000197564900000025650444941520619140000644711SHARK TRATORES E PECAS LTDA   26032013000000000002565000000000000000000000000000000260320130000000000025650000000000000005285                                    00                
0330003300020J00000194564900000107640444831246433260008018911T-PARTS COML E IMP DE AUTOPECA26032013000000000010764000000000000000000000000000000260320130000000000107640000000000000005286                                    00                
0330003300021J00023794564900000605111998190000012002100503970VANUCCI IMPORTACAO EXPORT. E C26032013000000000060511000000000000000000000000000000260320130000000000605110000000000000005288                                    00                
03300035         000023000000000002636486000000000000000000                                                                                                                                                                                     
03399999         000003000032                                                                                                                                                                                                                   
