03300000         2054375370001370033006500490028050300065 0000480000414 AUTO GERAL DE ITU LTDA        BANCO SANTANDER                         12612201209210200006106000000                                        G4016PF00528               G4
03300011C2003031 2054375370001370033006500490028050300065 0000480000414 AUTO GERAL DE ITU LTDA                                                AV DR OCTAVIANO PEREIRA MENDES01333               ITU                 13301000SP                  
0330001300001A0007002370337100000000719501 AVEBRAZ COMERCIO DE VEICULOS E2296                26122012BRL000000000000000000000000019112                    00000000000000000000000                                        07          0          
0330001300002B   205368144000119                              00000                                                  00000000  261220120000000000191120000000000000000000000000000000000000000000000000000000000000000           00000          
0330001300003A0007000010154660000002050374 GERAL PARTS COM PECAS E ABRASI2297                26122012BRL000000000000000000000000030993                    00000000000000000000000                                        07          0          
0330001300004B   252472438000176                              00000                                                  00000000  261220120000000000309930000000000000000000000000000000000000000000000000000000000000000           00000          
03300015         000006000000000000050105000000000000000000                                                                                                                                                                                     
03300021C2030030 205437537000137003300650049002805030006550000480000414 AUTO GERAL DE ITU LTDA                                                AV DR OCTAVIANO PEREIRA MENDES01333               ITU                 13301000SP                  
0330002300001J00003398555800000476709421259200000000396830101GUMP MOTORS COMPONENTES AUTOMO25122012000000000047670000000000000000000000000000000261220120000000000476700000000000000002246                                    00                
0330002300002J00003398555900001392929513931700000103595320101DISTRIBUIDORA AUTOMOTIVA S/A  26122012000000000139292000000000000000000000000000000261220120000000001392920000000000000002275                                    00                
0330002300003J00003391555900000422709513931700000103612190101DISTRIBUIDORA AUTOMOTIVA S/A  26122012000000000042270000000000000000000000000000000261220120000000000422700000000000000002276                                    00                
0330002300004J00003391555900004710729482285400000091812880203JOFUND S/A                    26122012000000000471072000000000000000000000000000000261220120000000004710720000000000000002285                                    00                
03300025         000006000000000000700304000000000000000000                                                                                                                                                                                     
03300031C2031030 205437537000137003300650049002805030006550000480000414 AUTO GERAL DE ITU LTDA                                                AV DR OCTAVIANO PEREIRA MENDES01333               ITU                 13301000SP                  
0330003300001J00023796555800000695652002061201384259100829680COMERCIAL AUTOMOTIVA S.A.     25122012000000000069565000000000000000000000000000000261220120000000000695650000000000000002241                                    00                
0330003300002J00034199555800000302681126425739122938000052000EATON LTDA                    25122012000000000030268000000000000000000000000000000261220120000000000302680000000000000002242                                    00                
0330003300003J00034193555800000340941125995310792938000052000EATON LTDA                    25122012000000000034094000000000000000000000000000000261220120000000000340940000000000000002243                                    00                
0330003300004J00034199555800000349741098887882170046365078000FELICIO VIGORITO FILHOS LTDA  25122012000000000034974000000000000000000000000000000261220120000000000349740000000000000002244                                    00                
0330003300005J00034192555800000780001125797986560765234976000GIANCAR DISTR AUTO PECAS LTDA 25122012000000000078000000000000000000000000000000000261220120000000000780000000000000000002245                                    00                
0330003300006J00023795555800001704953372090000034308500595550FIDC MULTISETORIAL VALECRED LP25122012000000000170495000000000000000000000000000000261220120000000001704950000000000000002247                                    00                
0330003300007J00023799555800000291251911092327000002000178030LNG IMP EXP DE AUTOPECAS LTDA 25122012000000000029125000000000000000000000000000000261220120000000000291250000000000000002248                                    00                
0330003300008J00023794555800003896552028192326000002600375550MASTER SISTEMAS AUTOMOTIVOS LT25122012000000000389655000000000000000000000000000000261220120000000003896550000000000000002249                                    00                
0330003300009J00004193555800005495842118022997501000059104108MAZI AUTOMOTIVA LTDA          25122012000000000549584000000000000000000000000000000261220120000000005495840000000000000002250                                    00                
0330003300010J00034191555800002187001126777890860018215004000MEF SUL C I EXPORTACAO LTDA   25122012000000000218700000000000000000000000000000000261220120000000002187000000000000000002251                                    00                
0330003300011J00039996555800000391938144666906004540096965001PELLEGRINO DISTRIBUIDORA DE AU25122012000000000039193000000000000000000000000000000261220120000000000391930000000000000002252                                    00                
0330003300012J00039991555800005599692315314972005313093513001REAL MOTO PECAS LTDA          25122012000000000559969000000000000000000000000000000261220120000000005599690000000000000002253                                    00                
0330003300013J00039998555800002295612315315687505313093513001REAL MOTO PECAS LTDA          25122012000000000229561000000000000000000000000000000261220120000000002295610000000000000002254                                    00                
0330003300014J00000196555800001823670000001244482993005360517RPT DISTRIBUIDORA DE AUTO PECA25122012000000000182367000000000000000000000000000000261220120000000001823670000000000000002255                                    00                
0330003300015J00023792555800000400814130074130005872700050880SOUZA RAMOS COM E IMP LTDA    25122012000000000040081000000000000000000000000000000261220120000000000400810000000000000002256                                    00                
0330003300016J00034196555800005708741126723794463184597502000UNIVERSAL AUTOMOTIVE SYSTEMS S25122012000000000570874000000000000000000000000000000261220120000000005708740000000000000002257                                    00                
0330003300017J00034191555800000983501125389770033184597502000UNIVERSAL AUTOMOTIVE SYSTEMS S25122012000000000098350000000000000000000000000000000261220120000000000983500000000000000002258                                    00                
0330003300018J00023799555800000258000092092333000000800165930WILSON RUSSO AUTOPECAS LTDA   25122012000000000025800000000000000000000000000000000261220120000000000258000000000000000002259                                    00                
0330003300019J00023793555900001065001316090000009472800009000APS DISTRIBUIDORA DE AUTOPECAS26122012000000000106500000000000000000000000000000000261220120000000001065000000000000000002260                                    00                
0330003300020J00023797555900001610451316090000009486000009000APS DISTRIBUIDORA DE AUTOPECAS26122012000000000161045000000000000000000000000000000261220120000000001610450000000000000002261                                    00                
0330003300021J00039994555900000303881765763350011960078237001BAP AUTOMOTIVA LTDA           26122012000000000030388000000000000000000000000000000261220120000000000303880000000000000002262                                    00                
0330003300022J00023799555900000759293114091294560757101763000BANCO SAFRA S/A               26122012000000000075929000000000000000000000000000000261220120000000000759290000000000000002263                                    00                
0330003300023J00034196555900001354001126364504811248021303000BANCO FIBRA SA                26122012000000000135400000000000000000000000000000000261220120000000001354000000000000000002264                                    00                
0330003300024J00023793555900000513243392022326000011701078260MF CAMBUCI DISTR DE AUTOPECAS 26122012000000000051324000000000000000000000000000000261220120000000000513240000000000000002265                                    00                
0330003300025J00034198555900000021001126417168350076000777000CENTER PECAS FABBRI LTDA      26122012000000000002100000000000000000000000000000000261220120000000000021000000000000000002266                                    00                
0330003300026J00034197555900000048501126417168840076000777000CENTER PECAS FABBRI LTDA      26122012000000000004850000000000000000000000000000000261220120000000000048500000000000000002267                                    00                
0330003300027J00034192555900000021001126417168760076000777000CENTER PECAS FABBRI LTDA      26122012000000000002100000000000000000000000000000000261220120000000000021000000000000000002268                                    00                
0330003300028J00034196555900000048501126417168680076000777000CENTER PECAS FABBRI LTDA      26122012000000000004850000000000000000000000000000000261220120000000000048500000000000000002269                                    00                
0330003300029J00034194555900000013201126417168500076000777000CENTER PECAS FABBRI LTDA      26122012000000000001320000000000000000000000000000000261220120000000000013200000000000000002270                                    00                
0330003300030J00034192555900000063001126417168430076000777000CENTER PECAS FABBRI LTDA      26122012000000000006300000000000000000000000000000000261220120000000000063000000000000000002271                                    00                
0330003300031J00034197555900001891581090019797411012930309000DECAR AUTOPECAS LTDA          26122012000000000189158000000000000000000000000000000261220120000000001891580000000000000002272                                    00                
0330003300032J00034193555900006367671125424095552938030539000DELPHI AUTOM SYSTEMS BR LTDA  26122012000000000636767000000000000000000000000000000261220120000000006367670000000000000002273                                    00                
0330003300033J00035696555900000236220689070323430000004895066DISTRIBUIDORA AUTOMOTIVA S/A  26122012000000000023622000000000000000000000000000000261220120000000000236220000000000000002274                                    00                
0330003300034J00035695555900000197060689070323480000004895046DISTRIBUIDORA AUTOMOTIVA S/A  26122012000000000019706000000000000000000000000000000261220120000000000197060000000000000002277                                    00                
0330003300035J00035697555900000309500689070323460000004895030DISTRIBUIDORA AUTOMOTIVA S/A  26122012000000000030950000000000000000000000000000000261220120000000000309500000000000000002278                                    00                
0330003300036J00035697555900000417030689070323490000004895110DISTRIBUIDORA AUTOMOTIVA S/A  26122012000000000041703000000000000000000000000000000261220120000000000417030000000000000002279                                    00                
0330003300037J00035692555900000169180689070323490000004895334DISTRIBUIDORA AUTOMOTIVA S/A  26122012000000000016918000000000000000000000000000000261220120000000000169180000000000000002280                                    00                
0330003300038J00034191555900001399581125502222962938000052000EATON LTDA                    26122012000000000139958000000000000000000000000000000261220120000000001399580000000000000002281                                    00                
0330003300039J00039992555900000297001764059540004570524809001F CONFUORTO IND COM PCS LTDA  26122012000000000029700000000000000000000000000000000261220120000000000297000000000000000002282                                    00                
0330003300040J00034196555900000398391090304211020109276204000GIRANDO COMERCIO DE PECAS LTDA26122012000000000039839000000000000000000000000000000261220120000000000398390000000000000002283                                    00                
0330003300041J00023799555900000780063391092345000003900105070FIDC EMPIRICA SIFRA STAR      26122012000000000078006000000000000000000000000000000261220120000000000780060000000000000002284                                    00                
0330003300042J00023797555900000176043394090000013232700324600MORELATE DISTRIBUIDORA DE AUTO26122012000000000017604000000000000000000000000000000261220120000000000176040000000000000002286                                    00                
0330003300043J00000199555900008263020000001597457122141509017PETROBRAS DISTRIBUIDORA       26122012000000000826302000000000000000000000000000000261220120000000008263020000000000000002287                                    00                
0330003300044J00000193555900011881060000001597457122141508617PETROBRAS DISTRIBUIDORA       26122012000000001188106000000000000000000000000000000261220120000000011881060000000000000002288                                    00                
0330003300045J00000194555900003232850000001597457122141508817PETROBRAS DISTRIBUIDORA       26122012000000000323285000000000000000000000000000000261220120000000003232850000000000000002289                                    00                
0330003300046J00000191555900000851310000001597457122142380517PETROBRAS DISTRIBUIDORA       26122012000000000085131000000000000000000000000000000261220120000000000851310000000000000002290                                    00                
0330003300047J00010491555900007809439100006009014500300501989PRADOLUX IND E COM LTDA       26122012000000000780943000000000000000000000000000000261220120000000007809430000000000000002291                                    00                
0330003300048J00000197555900003912760443207311829490000659811SAMBEL INDUSTRIA E COMERCIO DE26122012000000000391276000000000000000000000000000000261220120000000003912760000000000000002292                                    00                
0330003300049J00034193555900000349101126344919170077218592000TOP DE LINHA AUTO PECAS LTDA  26122012000000000034910000000000000000000000000000000261220120000000000349100000000000000002293                                    00                
0330003300050J00034197555900000876211570893802386260139677000ABDELNOR II COM COMB LTDA     26122012000000000087621000000000000000000000000000000261220120000000000876210000000000000002295                                    00                
03300035         000052000000000008914266000000000000000000                                                                                                                                                                                     
03300041C2011010 205437537000137003300650049002805030006550000480000414 AUTO GERAL DE ITU LTDA                                                AV DR OCTAVIANO PEREIRA MENDES01333               ITU                 13301000SP                  
0330004300001O00084620000000309610291160934127783012120121225TELEFONICA                    26122012261220120000000000030962294                                                                                                                  
0330004300002B   000000000000000                              00000                                                  00000000  261220120000000000000000000000000000000000000000000000000000000000000000000000000000              0000000        
03300045         000004000000000000003096                                                                                                                                                                                                       
03399999         000004000070                                                                                                                                                                                                                   
