03300000         2054375370001370033006500490028050300065 0000480000414 AUTO GERAL DE ITU LTDA        BANCO SANTANDER                         12611201210324600003706000000                                        G4016PF00528               G4
03300011C2030030 205437537000137003300650049002805030006550000480000414 AUTO GERAL DE ITU LTDA                                                AV DR OCTAVIANO PEREIRA MENDES01333               ITU                 13301000SP                  
0330001300001J00003397552900000850009404811300000000111340101MUSIC HOUSE CENTRO MUSICAL    26112012000000000085000000000000000000000000000000000261120120000000000850000000000000000001161                                    00                
03300015         000003000000000000085000000000000000000000                                                                                                                                                                                     
03300021C2031030 205437537000137003300650049002805030006550000480000414 AUTO GERAL DE ITU LTDA                                                AV DR OCTAVIANO PEREIRA MENDES01333               ITU                 13301000SP                  
0330002300001J00034199552700000040001125331163830076000777000CENTER PECAS FABBRI LTDA      24112012000000000004000000000000000000000000000000000261120120000000000040000000000000000001092                                    00                
0330002300002J00034198552700000033501125331163910076000777000CENTER PECAS FABBRI LTDA      24112012000000000003350000000000000000000000000000000261120120000000000033500000000000000001093                                    00                
0330002300003J00034195552700000348001125331164090076000777000CENTER PECAS FABBRI LTDA      24112012000000000034800000000000000000000000000000000261120120000000000348000000000000000001094                                    00                
0330002300004J00034198552700000033701125411423220076000777000CENTER PECAS FABBRI LTDA      24112012000000000003370000000000000000000000000000000261120120000000000033700000000000000001095                                    00                
0330002300005J00034191552700003739791124565572822938000052000EATON  LTDA                   24112012000000000373979000000000000000000000000000000261120120000000003739790000000000000001096                                    00                
0330002300006J00034199552700000850791125403517752938000052000EATON  LTDA                   24112012000000000085079000000000000000000000000000000261120120000000000850790000000000000001097                                    00                
0330002300007J00023791552700001235581911092270000002500178030LNG IMP EXP DE AUTOPECAS LTDA 24112012000000000123558000000000000000000000000000000261120120000000001235580000000000000001098                                    00                
0330002300008J00023797552700000953273394090000011789400324600MORELATE DISTR AUTOPECAS LTDA 24112012000000000095327000000000000000000000000000000261120120000000000953270000000000000001099                                    00                
0330002300009J00023792552700000127402500090256567121200000340ODAPEL DISTR DE AUTO PECAS LTD24112012000000000012740000000000000000000000000000000261120120000000000127400000000000000001100                                    00                
0330002300010J00023791552700002600672500090256567080100000340ODAPEL DISTR DE AUTO PECAS LTD24112012000000000260067000000000000000000000000000000261120120000000002600670000000000000001101                                    00                
0330002300011J00023793552700003101252500090256567079400000340ODAPEL DISTR DE AUTO PECAS LTD24112012000000000310125000000000000000000000000000000261120120000000003101250000000000000001102                                    00                
0330002300012J00000191552700001469920000001236468442345932111POLO COMERCIO INTERNACIONAL LT24112012000000000146992000000000000000000000000000000261120120000000001469920000000000000001103                                    00                
0330002300013J00034193552700000776721125373886080466660099000POLO COMERCIO INTERNACIONAL LT24112012000000000077672000000000000000000000000000000261120120000000000776720000000000000001104                                    00                
0330002300014J00039997552700000192762053169836405313093513001REAL MOTO PECAS LTDA          24112012000000000019276000000000000000000000000000000261120120000000000192760000000000000001105                                    00                
0330002300015J00023796552700000522503395061180232815900028140ROCHESTER DISTR DE AUTO PECAS 24112012000000000052250000000000000000000000000000000261120120000000000522500000000000000001106                                    00                
0330002300016J00034197552800000480071125481344130237417159000ACCIOLY SA IMP E COM          25112012000000000048007000000000000000000000000000000261120120000000000480070000000000000001107                                    00                
0330002300017J00034192552800000233821124951695520237417159000ACCIOLY SA IMP E COM          25112012000000000023382000000000000000000000000000000261120120000000000233820000000000000001108                                    00                
0330002300018J00034194552800000195001125841405309107002439000AUTO PECAS CASTRO LTDA        25112012000000000019500000000000000000000000000000000261120120000000000195000000000000000001109                                    00                
0330002300019J00034194552800000021001125331164410076000777000CENTER PECAS FABBRI LTDA      25112012000000000002100000000000000000000000000000000261120120000000000021000000000000000001110                                    00                
0330002300020J00034198552800000019001125331164330076000777000CENTER PECAS FABBRI LTDA      25112012000000000001900000000000000000000000000000000261120120000000000019000000000000000001111                                    00                
0330002300021J00034192552800001691951125544279662938036635000DAYCO POWER TRANSMISSION      25112012000000000169195000000000000000000000000000000261120120000000001691950000000000000001112                                    00                
0330002300022J00034196552800000035331124638851552938000052000EATON  LTDA                   25112012000000000003533000000000000000000000000000000261120120000000000035330000000000000001113                                    00                
0330002300023J00034191552800000192461124638855512938000052000EATON  LTDA                   25112012000000000019246000000000000000000000000000000261120120000000000192460000000000000001114                                    00                
0330002300024J00034193552800002550341124638853462938000052000EATON  LTDA                   25112012000000000255034000000000000000000000000000000261120120000000002550340000000000000001115                                    00                
0330002300025J00034199552800002601601125473541032938000052000EATON  LTDA                   25112012000000000260160000000000000000000000000000000261120120000000002601600000000000000001116                                    00                
0330002300026J00034193552800000263471125473538652938000052000EATON  LTDA                   25112012000000000026347000000000000000000000000000000261120120000000000263470000000000000001117                                    00                
0330002300027J00034194552800000169721125473540122938000052000EATON  LTDA                   25112012000000000016972000000000000000000000000000000261120120000000000169720000000000000001118                                    00                
0330002300028J00034191552800000012641125473542692938000052000EATON  LTDA                   25112012000000000001264000000000000000000000000000000261120120000000000012640000000000000001119                                    00                
0330002300029J00034195552800000293791125473541372938000052000EATON  LTDA                   25112012000000000029379000000000000000000000000000000261120120000000000293790000000000000001120                                    00                
0330002300030J00034199552800000019961125473544182938000052000EATON  LTDA                   25112012000000000001996000000000000000000000000000000261120120000000000019960000000000000001121                                    00                
0330002300031J00034199552800001279871125473538162938000052000EATON  LTDA                   25112012000000000127987000000000000000000000000000000261120120000000001279870000000000000001122                                    00                
0330002300032J00023791552800000324592709091323244847700148090GUETTI COML ATACADISTA LTDA   25112012000000000032459000000000000000000000000000000261120120000000000324590000000000000001123                                    00                
0330002300033J00023793552800000539261911092304000001400178030LNG IMP EXP DE AUTOPECAS LTDA 25112012000000000053926000000000000000000000000000000261120120000000000539260000000000000001124                                    00                
0330002300034J00000191552800001823670000001244482993005360317RPT DISTR DE AUTO PCS         25112012000000000182367000000000000000000000000000000261120120000000001823670000000000000001125                                    00                
0330002300035J00023793552800000300003367093367754771200005470VALEC MOTORS LTDA             25112012000000000030000000000000000000000000000000000261120120000000000300000000000000000001126                                    00                
0330002300036J000001985529000010998900000024299314423313006112AR IND E COM LTDA ME         26112012000000000109989000000000000000000000000000000261120120000000001099890000000000000001127                                    00                
0330002300037J00039996552900000232161763734101411960078237001BAP AUTOMOTIVA LTDA           26112012000000000023216000000000000000000000000000000261120120000000000232160000000000000001128                                    00                
0330002300038J00023792552900000235252002061201370753100829680COMERCIAL AUTOMOTIVA S.A      26112012000000000023525000000000000000000000000000000261120120000000000235250000000000000001129                                    00                
0330002300039J00034196552900000049201125331163750076000777000CENTER PECAS FABBRI LTDA      26112012000000000004920000000000000000000000000000000261120120000000000049200000000000000001130                                    00                
0330002300040J00034195552900000140001125331164580076000777000CENTER PECAS FABBRI LTDA      26112012000000000014000000000000000000000000000000000261120120000000000140000000000000000001131                                    00                
0330002300041J00000197552900005259044584341676100370004790718DB DISTRIBUIDORA DE BATERIA LT26112012000000000525904000000000000000000000000000000261120120000000005259040000000000000001132                                    00                
0330002300042J00000198552900004981184584341676200370004790718DB DISTRIBUIDORA DE BATERIA LT26112012000000000498118000000000000000000000000000000261120120000000004981180000000000000001133                                    00                
0330002300043J00034191552900000810331090019584891012930309000DECAR AUTOPECAS LTDA          26112012000000000081033000000000000000000000000000000261120120000000000810330000000000000001134                                    00                
0330002300044J00034193552900000648661125334210642938030539000DELPHI  AUTOM SYSTEMS BR LTDA 26112012000000000064866000000000000000000000000000000261120120000000000648660000000000000001135                                    00                
0330002300045J00023791552900000905000956091323130021600002050A G RIBEIRO COBRANCAS EPP     26112012000000000090500000000000000000000000000000000261120120000000000905000000000000000001136                                    00                
0330002300046J00035696552900000107000689070323480000004890633DISTRIBUIDORA ATOMOTIVA S.A   26112012000000000010700000000000000000000000000000000261120120000000000107000000000000000001137                                    00                
0330002300047J00023794552900000261320138092296000004201453000OBB CONSULTORIA E PARTICIPACOE26112012000000000026132000000000000000000000000000000261120120000000000261320000000000000001138                                    00                
0330002300048J00034191552900000473541123473656302938000052000EATON  LTDA                   26112012000000000047354000000000000000000000000000000261120120000000000473540000000000000001139                                    00                
0330002300049J00034194552900000346531123473655642938000052000EATON  LTDA                   26112012000000000034653000000000000000000000000000000261120120000000000346530000000000000001140                                    00                
0330002300050J00034195552900001203841124638856922938000052000EATON  LTDA                   26112012000000000120384000000000000000000000000000000261120120000000001203840000000000000001141                                    00                
0330002300051J00034197552900000265641124638887042938000052000EATON  LTDA                   26112012000000000026564000000000000000000000000000000261120120000000000265640000000000000001142                                    00                
0330002300052J00034195552900004983561090005817640054846332000GT COMERCIO DE LUBRIFICANTES L26112012000000000498356000000000000000000000000000000261120120000000004983560000000000000001143                                    00                
0330002300053J00023791552900000750003372097672311469500767230MAGGI VEICULOS LTDA           26112012000000000075000000000000000000000000000000000261120120000000000750000000000000000001144                                    00                
0330002300054J00034194552900001079001125792759860018215004000MEF SUL C I EXPORTACAO LTDA   26112012000000000107900000000000000000000000000000000261120120000000001079000000000000000001145                                    00                
0330002300055J00039996552900000250588144665479904540096965001PELLEGRINO DIST DE AUTOPECAS L26112012000000000025058000000000000000000000000000000261120120000000000250580000000000000001146                                    00                
0330002300056J00034196552900000521501125009797140384625000000PECAS AUTOMOTIVAS ZEENE LTDA  26112012000000000052150000000000000000000000000000000261120120000000000521500000000000000001147                                    00                
0330002300057J00000191552900000442110000002096856000002061817PRV COM DE PECAS LTDA         26112012000000000044211000000000000000000000000000000261120120000000000442110000000000000001148                                    00                
0330002300058J00039991552900007167052053177712405313093513001REAL MOTO PECAS LTDA          26112012000000000716705000000000000000000000000000000261120120000000007167050000000000000001149                                    00                
0330002300059J00023791552900000405904130074130005857300050880SOUZA RAMOS COM E IMP LTDA    26112012000000000040590000000000000000000000000000000261120120000000000405900000000000000001150                                    00                
0330002300060J00023793552900000400824130074130005872600050880SOUZA RAMOS COM E IMP LTDA    26112012000000000040082000000000000000000000000000000261120120000000000400820000000000000001151                                    00                
0330002300061J00034195552900003402841125797363910017697418000THOMSON C I COM PROD AUT LTDA 26112012000000000340284000000000000000000000000000000261120120000000003402840000000000000001152                                    00                
0330002300062J00023796552900000696871255091323150061700019000UNIBOMBAS IND COM DE AUTOPECAS26112012000000000069687000000000000000000000000000000261120120000000000696870000000000000001153                                    00                
0330002300063J00039991552900000450071763026947404540079149001BANCO SOFISA SA               26112012000000000045007000000000000000000000000000000261120120000000000450070000000000000001154                                    00                
0330002300064J00039992552900000019321763026946604540079149001BANCO SOFISA SA               26112012000000000001932000000000000000000000000000000261120120000000000019320000000000000001155                                    00                
0330002300065J00023792552700000795112372196600095276400360080TELEFONICA BRASIL S/A         24112012000000000079511000000000000000000000000000000261120120000000000795110000000000000001156                                    00                
0330002300066J00000196552900000400009946819946819900302978321SICAP SIND COM ATAC IMP EXP E 26112012000000000040000000000000000000000000000000000261120120000000000400000000000000000001157                                    00                
0330002300067J00034191552800000755531570433757956260139677000ABDELNOR II COM COMB LTDA     25112012000000000075553000000000000000000000000000000261120120000000000755530000000000000001158                                    00                
0330002300068J00034194552900000396041570444137220278483557000AUTO POSTO ESTRADAO DE ITU LTD26112012000000000039604000000000000000000000000000000261120120000000000396040000000000000001159                                    00                
0330002300069J00034191555600014368001092196381582938014558000SODEXO PASS DO BRASIL SERV E C23122012000000001436800000000000000000000000000000000261120120000000014368000000000000000001160                                    00                
03300025         000071000000000008337627000000000000000000                                                                                                                                                                                     
03399999         000002000076                                                                                                                                                                                                                   
