03300000         2054375370001370033006500490028050300065 0000480000414 AUTO GERAL DE ITU LTDA        BANCO SANTANDER                         12711201214502000003906000000                                        G4016PF00528               G4
03300011C2003031 2054375370001370033006500490028050300065 0000480000414 AUTO GERAL DE ITU LTDA                                                AV DR OCTAVIANO PEREIRA MENDES01333               ITU                 13301000SP                  
0330001300001A0007002370174340000000342033 ADACOPLAM AUTOPARTS COM INDL L1240                28112012BRL000000000000000000000000342569                    00000000000000000000000                                        07          0          
0330001300002B   262188180000134                              00000                                                  00000000  281120120000000003425690000000000000000000000000000000000000000000000000000000000000000           00000          
03300015         000004000000000000342569000000000000000000                                                                                                                                                                                     
03300021C2030030 205437537000137003300650049002805030006550000480000414 AUTO GERAL DE ITU LTDA                                                AV DR OCTAVIANO PEREIRA MENDES01333               ITU                 13301000SP                  
0330002300001J00003398553100003382649513931700000103391670101DISTRIBUIDORA AUTOMOTIVA S.A  28112012000000000338264000000000000000000000000000000281120120000000003382640000000000000001200                                    00                
03300025         000003000000000000338264000000000000000000                                                                                                                                                                                     
03300031C2031030 205437537000137003300650049002805030006550000480000414 AUTO GERAL DE ITU LTDA                                                AV DR OCTAVIANO PEREIRA MENDES01333               ITU                 13301000SP                  
0330003300001J00023793553100005088122002061201371980100829680COMERCIAL AUTOMOTIVA S.A      28112012000000000508812000000000000000000000000000000281120120000000005088120000000000000001192                                    00                
0330003300002J00023794553100003477962002061201371936100829680COMERCIAL AUTOMOTIVA S.A      28112012000000000347796000000000000000000000000000000281120120000000003477960000000000000001193                                    00                
0330003300003J00039998553100000952671763970993004061860231001CAR CENTRAL DE AUTOPECAS E ROL28112012000000000095267000000000000000000000000000000281120120000000000952670000000000000001194                                    00                
0330003300004J00039991553100001213641763970996504061860231001CAR CENTRAL DE AUTOPECAS E ROL28112012000000000121364000000000000000000000000000000281120120000000001213640000000000000001195                                    00                
0330003300005J00034192553100000273001125685373540076000777000CENTER PECAS FABBRI LTDA      28112012000000000027300000000000000000000000000000000281120120000000000273000000000000000001196                                    00                
0330003300006J00023791553100000525060260192306000000800075810CESTARI INDL E COMERCIAL SA   28112012000000000052506000000000000000000000000000000281120120000000000525060000000000000001197                                    00                
0330003300007J00023795553100001094590260192306000001600075810CESTARI INDL E COMERCIAL SA   28112012000000000109459000000000000000000000000000000281120120000000001094590000000000000001198                                    00                
0330003300008J00034198553100006365751125424095302938030539000DELPHI  AUTOM SYSTEMS BR LTDA 28112012000000000636575000000000000000000000000000000281120120000000006365750000000000000001199                                    00                
0330003300009J00035692553100004266410689070323490000005743244DISTRIBUIDORA AUTOMOTIVA S.A  28112012000000000426641000000000000000000000000000000281120120000000004266410000000000000001201                                    00                
0330003300010J00035691553100000706400689070323410000004891315DISTRIBUIDORA AUTOMOTIVA S.A  28112012000000000070640000000000000000000000000000000281120120000000000706400000000000000001202                                    00                
0330003300011J00035691553100000189300689070323490000004891317DISTRIBUIDORA AUTOMOTIVA S.A  28112012000000000018930000000000000000000000000000000281120120000000000189300000000000000001203                                    00                
0330003300012J00035698553100000465160689070323410000004891273DISTRIBUIDORA AUTOMOTIVA S.A  28112012000000000046516000000000000000000000000000000281120120000000000465160000000000000001204                                    00                
0330003300013J00035693553100002926350689070323430000005555941DISTRIBUIDORA AUTOMOTIVA S.A  28112012000000000292635000000000000000000000000000000281120120000000002926350000000000000001205                                    00                
0330003300014J00035693553100000561900689070323490000004891218DISTRIBUIDORA AUTOMOTIVA S.A  28112012000000000056190000000000000000000000000000000281120120000000000561900000000000000001206                                    00                
0330003300015J00023794553100000272950138092284000003801370000BBL SISTEMAS OPERACIONAIS LTDA28112012000000000027295000000000000000000000000000000281120120000000000272950000000000000001207                                    00                
0330003300016J00023791553100000290490138092305000001701370000BBL SISTEMAS OPERACIONAIS LTDA28112012000000000029049000000000000000000000000000000281120120000000000290490000000000000001208                                    00                
0330003300017J00034199553100001441981125502271962938000052000EATON  LTDA                   28112012000000000144198000000000000000000000000000000281120120000000001441980000000000000001209                                    00                
0330003300018J00039998553100000588821763167500004570524809001F CONFURTO IND COM PCS E ACESS28112012000000000058882000000000000000000000000000000281120120000000000588820000000000000001210                                    00                
0330003300019J00000197553100001370520000001743106000000144417FOCUS PRODUTOS AUTOMOTIVOS LTD28112012000000000137052000000000000000000000000000000281120120000000001370520000000000000001211                                    00                
0330003300020J00034194553100000489191090304073660109276204000GIRANDO COMERCIO DE PECAS LTDA28112012000000000048919000000000000000000000000000000281120120000000000489190000000000000001212                                    00                
0330003300021J00035693553100000341220409503986750000000237071ITA PECAS PARA VEIC COM E SERV28112012000000000034122000000000000000000000000000000281120120000000000341220000000000000001213                                    00                
0330003300022J00000195553100007407670442085500834280000630911JOFUND S/A                    28112012000000000740767000000000000000000000000000000281120120000000007407670000000000000001214                                    00                
0330003300023J00034196553100000100921125893935551248027078000BANCO VOTORANTIM SA           28112012000000000010092000000000000000000000000000000281120120000000000100920000000000000001215                                    00                
0330003300024J00034196553100000130101125893933991248027078000BANCO VOTORANTIM SA           28112012000000000013010000000000000000000000000000000281120120000000000130100000000000000001216                                    00                
0330003300025J00039991553100001062978145173469504540096965001PELLEGRINO DIST DE AUTOPECAS L28112012000000000106297000000000000000000000000000000281120120000000001062970000000000000001217                                    00                
0330003300026J00039991553100004531208144665646504540096965001PELLEGRINO DIST DE AUTOPECAS L28112012000000000453120000000000000000000000000000000281120120000000004531200000000000000001218                                    00                
0330003300027J00039991553100002482188144665624404540096965001PELLEGRINO DIST DE AUTOPECAS L28112012000000000248218000000000000000000000000000000281120120000000002482180000000000000001219                                    00                
0330003300028J00039999553100000370778144665626004540096965001PELLEGRINO DIST DE AUTOPECAS L28112012000000000037077000000000000000000000000000000281120120000000000370770000000000000001220                                    00                
0330003300029J00039996553100000225586696533878104540096965001PELLEGRINO DIST DE AUTOPECAS L28112012000000000022558000000000000000000000000000000281120120000000000225580000000000000001221                                    00                
0330003300030J00039994553100000397842696543934904540096965001PELLEGRINO DIST DE AUTOPECAS L28112012000000000039784000000000000000000000000000000281120120000000000397840000000000000001222                                    00                
0330003300031J00000198553100000143250000001597457122106461417PETROBRAS DISTRIBUIDORA       28112012000000000014325000000000000000000000000000000281120120000000000143250000000000000001223                                    00                
0330003300032J00000198553100008263020000001597457122141508917PETROBRAS DISTRIBUIDORA       28112012000000000826302000000000000000000000000000000281120120000000008263020000000000000001224                                    00                
0330003300033J00000194553100011881060000001597457122141508517PETROBRAS DISTRIBUIDORA       28112012000000001188106000000000000000000000000000000281120120000000011881060000000000000001225                                    00                
0330003300034J00000195553100003232850000001597457122141508717PETROBRAS DISTRIBUIDORA       28112012000000000323285000000000000000000000000000000281120120000000003232850000000000000001226                                    00                
0330003300035J00000198553100000851320000001597457122142380417PETROBRAS DISTRIBUIDORA       28112012000000000085132000000000000000000000000000000281120120000000000851320000000000000001227                                    00                
0330003300036J00023794553100000438013484092289000016301129000PETRONAS LUBRIFICANTES BRASIL 28112012000000000043801000000000000000000000000000000281120120000000000438010000000000000001228                                    00                
0330003300037J00034192553100001561991126144484320191074004000POLIPECAS COMERCIAL E IMPORTAD28112012000000000156199000000000010934000000000000000281120120000000001452650000000000000001229                                    00                
0330003300038J00034198553100001314221126144484240191074004000POLIPECAS COMERCIAL E IMPORTAD28112012000000000131422000000000009200000000000000000281120120000000001222220000000000000001230                                    00                
0330003300039J00039991553100000659522053174526505313093513001REAL MOTO PECAS LTDA          28112012000000000065952000000000000000000000000000000281120120000000000659520000000000000001231                                    00                
0330003300040J00039993553100001390322053175226105313093513001REAL MOTO PECAS LTDA          28112012000000000139032000000000000000000000000000000281120120000000001390320000000000000001232                                    00                
0330003300041J00000191553100000250960000001244482993005211317RPT DISTRIBUIDORA DE AUTO PCS 28112012000000000025096000000000000000000000000000000281120120000000000250960000000000000001233                                    00                
0330003300042J00000191553100000654020000002175416000002718817SK AUTOMOTIVE S/A DIST AUTOPEC28112012000000000065402000000000000000000000000000000281120120000000000654020000000000000001234                                    00                
0330003300043J00000193553100001084230000002175416000002716817SK AUTOMOTIVE S/A DIST AUTOPEC28112012000000000108423000000000000000000000000000000281120120000000001084230000000000000001235                                    00                
0330003300044J00000191553100002211040000002175416000002718517SK AUTOMOTIVE S/A DIST AUTOPEC28112012000000000221104000000000000000000000000000000281120120000000002211040000000000000001236                                    00                
0330003300045J00000199553100000893780000001451450000033804917SK AUTOMOTIVE S/A DIST AUTOPEC28112012000000000089378000000000000000000000000000000281120120000000000893780000000000000001237                                    00                
0330003300046J00000193553100008608280000001103966442402128711TARANTO COML IMP E EXP        28112012000000000860828000000000000000000000000000000281120120000000008608280000000000000001238                                    00                
0330003300047J00023793553100002461643178300000005002800421060TUPER DISTRIB. PROD. METALURGI28112012000000000246164000000000000000000000000000000281120120000000002461640000000000000001239                                    00                
03300035         000049000000000009530888000000000000000000                                                                                                                                                                                     
03399999         000003000058                                                                                                                                                                                                                   
