03300000         2054375370001370033006500490028050300065 0000480000414 AUTO GERAL DE ITU LTDA        BANCO SANTANDER                         12702201310085800010706000000                                        G4016PF00529               G4
03300011C2003031 2054375370001370033006500490028050300065 0000480000414 AUTO GERAL DE ITU LTDA                                                AV DR OCTAVIANO PEREIRA MENDES01333               ITU                 13301000SP                  
0330001300001A0007002370202570000000001600 BARROS E FILHOS LTDA          4381                27022013BRL000000000000000000000000132372                    00000000000000000000000                                        07          0          
0330001300002B   271459986000100                              00000                                                  00000000  270220130000000001323720000000000000000000000000000000000000000000000000000000000000000           00000          
03300015         000004000000000000132372000000000000000000                                                                                                                                                                                     
03300021C2030030 205437537000137003300650049002805030006550000480000414 AUTO GERAL DE ITU LTDA                                                AV DR OCTAVIANO PEREIRA MENDES01333               ITU                 13301000SP                  
0330002300001J00003396562300008273259482285400000091862040203JOFUND S/A                    28022013000000000827325000000000000000000000000000000270220130000000008273250000000000000004359                                    00                
03300025         000003000000000000827325000000000000000000                                                                                                                                                                                     
03300031C2031030 205437537000137003300650049002805030006550000480000414 AUTO GERAL DE ITU LTDA                                                AV DR OCTAVIANO PEREIRA MENDES01333               ITU                 13301000SP                  
0330003300001J00039993562300000347541769070418811960078237001BAP AUTOMOTIVA LTDA           28022013000000000034754000000000000000000000000000000270220130000000000347540000000000000004345                                    00                
0330003300002J00023794562300000389673389093046000010400120490CHG AUTOMOTIVA LTDA           28022013000000000038967000000000000000000000000000000270220130000000000389670000000000000004346                                    00                
0330003300003J00023791562300000135652002061301407442100829680COMERCIAL AUTOMOTIVA S.A.     28022013000000000013565000000000000000000000000000000270220130000000000135650000000000000004347                                    00                
0330003300004J00035699562300000452460689070323420000003263440DISTRIBUIDORA AUTOMOTIVA S.A. 28022013000000000045246000000000000000000000000000000270220130000000000452460000000000000004348                                    00                
0330003300005J00035698562300000399900689070323460000003263628DISTRIBUIDORA AUTOMOTIVA S.A. 28022013000000000039990000000000000000000000000000000270220130000000000399900000000000000004349                                    00                
0330003300006J00034191562300001027761126654154880046365078000FELICIO VIGORITO FILHOS LTDA  28022013000000000102776000000000000000000000000000000270220130000000001027760000000000000004350                                    00                
0330003300007J00034196562300000183301126654156600046365078000FELICIO VIGORITO FILHOS LTDA  28022013000000000018330000000000000000000000000000000270220130000000000183300000000000000004351                                    00                
0330003300008J00034195562300001161501128076605950046365078000FELICIO VIGORITO FILHOS LTDA  28022013000000000116150000000000000000000000000000000270220130000000001161500000000000000004352                                    00                
0330003300009J00034193562300006665121128433626932938017569000FELICIO VIGORITO FILHOS LTDA  28022013000000000666512000000000000000000000000000000270220130000000006665120000000000000004353                                    00                
0330003300010J00034194562300000044901090304534020109276204000GIRANDO COMERCIO DE PECAS LTDA28022013000000000004490000000000000000000000000000000270220130000000000044900000000000000004354                                    00                
0330003300011J00034196562300000197281090304534100109276204000GIRANDO COMERCIO DE PECAS LTDA28022013000000000019728000000000000000000000000000000270220130000000000197280000000000000004355                                    00                
0330003300012J00034194562300000274251090304538990109276204000GIRANDO COMERCIO DE PECAS LTDA28022013000000000027425000000000000000000000000000000270220130000000000274250000000000000004356                                    00                
0330003300013J00034193562300000423041090000212900242411544000GLOBAL FLEX IMPRESS FLEX LTDA 28022013000000000042304000000000000000000000000000000270220130000000000423040000000000000004357                                    00                
0330003300014J00023796562300000815203180091330291474400158190GUPE DISTR DE AUTOPECAS LTDA  28022013000000000081520000000000000000000000000000000270220130000000000815200000000000000004358                                    00                
0330003300015J00034193562300000219781128097811592938025125000MAHLE METAL LEVE S/A          28022013000000000021978000000000000000000000000000000270220130000000000219780000000000000004360                                    00                
0330003300016J00034194562300000434971128097811342938025125000MAHLE METAL LEVE S/A          28022013000000000043497000000000000000000000000000000270220130000000000434970000000000000004361                                    00                
0330003300017J00034191562300000054771128097811422938025125000MAHLE METAL LEVE S/A          28022013000000000005477000000000000000000000000000000270220130000000000054770000000000000004362                                    00                
0330003300018J00034197562300000651741128097810432938025125000MAHLE METAL LEVE S/A          28022013000000000065174000000000000000000000000000000270220130000000000651740000000000000004363                                    00                
0330003300019J00034199562300000078311128097810682938025125000MAHLE METAL LEVE S/A          28022013000000000007831000000000000000000000000000000270220130000000000078310000000000000004364                                    00                
0330003300020J00034195562300000110241128097810502938025125000MAHLE METAL LEVE S/A          28022013000000000011024000000000000000000000000000000270220130000000000110240000000000000004365                                    00                
0330003300021J00023793562300006608452500090256572429400000340ODAPEL DISTRIBUIDORA DE AUTO P28022013000000000660845000000000033963000000000000000270220130000000006268820000000000000004366                                    00                
0330003300022J00023794562300001654172500090256572425000000340ODAPEL DISTRIBUIDORA DE AUTO P28022013000000000165417000000000000000000000000000000270220130000000001654170000000000000004367                                    00                
0330003300023J00023791562300003448462500090256572433200000340ODAPEL DISTRIBUIDORA DE AUTO P28022013000000000344846000000000000000000000000000000270220130000000003448460000000000000004368                                    00                
0330003300024J00023791562300001901482500090256572396500000340ODAPEL DISTRIBUIDORA DE AUTO P28022013000000000190148000000000000000000000000000000270220130000000001901480000000000000004369                                    00                
0330003300025J00039992562300000497278144669982204540096965001PELLEGRINO DISTRIBUIDORA DE AU28022013000000000049727000000000000000000000000000000270220130000000000497270000000000000004370                                    00                
0330003300026J00039991562300000408802696554168204540096965001PELLEGRINO DISTRIBUIDORA DE AU28022013000000000040880000000000000000000000000000000270220130000000000408800000000000000004371                                    00                
0330003300027J00039991562300000227828144669933404540096965001PELLEGRINO DISTRIBUIDORA DE AU28022013000000000022782000000000000000000000000000000270220130000000000227820000000000000004372                                    00                
0330003300028J00039995562300000277593133544501805313093513001REAL MOTO PECAS LTDA          28022013000000000027759000000000000000000000000000000270220130000000000277590000000000000004373                                    00                
0330003300029J00023799562300002806133395061180232905000028140ROCHESTER DISTRIBUIDORA DE AUT28022013000000000280613000000000000000000000000000000270220130000000002806130000000000000004374                                    00                
0330003300030J00023791562300001054643395061180232904600028140ROCHESTER DISTRIBUIDORA DE AUT28022013000000000105464000000000000000000000000000000270220130000000001054640000000000000004375                                    00                
0330003300031J00034191562300003627001128109570792938016363000RR DONNELLEY MOORE EDT GR LTDA28022013000000000362700000000000000000000000000000000270220130000000003627000000000000000004376                                    00                
0330003300032J00034191562300000717331128021437387646210281000TWINGLASS VIDROS LTDA         28022013000000000071733000000000000000000000000000000270220130000000000717330000000000000004377                                    00                
0330003300033J00000191562300003331630444537198333400001200031UNIVERSAL AUTOMOTIVE SYSTEMS S28022013000000000333163000000000000000000000000000000270220130000000003331630000000000000004378                                    00                
0330003300034J00023791562300002790000152259700003292901828310MANCHESTER AUTOMACAO COMERCIAL28022013000000000279000000000000000000000000000000000270220130000000002790000000000000000004379                                    00                
03300035         000036000000000004307852000000000000000000                                                                                                                                                                                     
03300041C2011010 205437537000137003300650049002805030006550000480000414 AUTO GERAL DE ITU LTDA                                                AV DR OCTAVIANO PEREIRA MENDES01333               ITU                 13301000SP                  
0330004300001O00083610000016064101103003330332870210018467784CIA PIRATININGA DE FORCA E LUZ27022013270220130000000001606414380                                                                                                                  
0330004300002B   000000000000000                              00000                                                  00000000  270220130000000000000000000000000000000000000000000000000000000000000000000000000000              0000000        
03300045         000004000000000000160641                                                                                                                                                                                                       
03399999         000004000049                                                                                                                                                                                                                   
