03300000         2054375370001370033006500490028050300065 0000480000414 AUTO GERAL DE ITU LTDA        BANCO SANTANDER                         12703201311095600012906000000                                        G4016PF00531               G4
03300011C2030030 205437537000137003300650049002805030006550000480000414 AUTO GERAL DE ITU LTDA                                                AV DR OCTAVIANO PEREIRA MENDES01333               ITU                 13301000SP                  
0330001300001J00003391565000000718929513931700000104392930101DISTRIBUIDORA AUTOMOTIVA S.A. 27032013000000000071892000000000000000000000000000000270320130000000000718920000000000000005299                                    00                
0330001300002J00003392565000000206009151180700000300471700104INFOR-REL COM SERV LTDA EPP   27032013000000000020600000000000000000000000000000000270320130000000000206000000000000000005302                                    00                
0330001300003J00003393565100005661199432967800000000552800104ESPERANCA INDUSTRIA E COMERCIO28032013000000000566119000000000000000000000000000000270320130000000005661190000000000000005326                                    00                
0330001300004J00003394565100000613659492147000000000590640104J FREITAS COM IMP E EXP LTDA  28032013000000000061365000000000000000000000000000000270320130000000000613650000000000000005330                                    00                
03300015         000006000000000000719976000000000000000000                                                                                                                                                                                     
03300021C2031030 205437537000137003300650049002805030006550000480000414 AUTO GERAL DE ITU LTDA                                                AV DR OCTAVIANO PEREIRA MENDES01333               ITU                 13301000SP                  
0330002300001J00034192565000000063001129088922200076000777000CENTER PECAS FABBRI LTDA      27032013000000000006300000000000000000000000000000000270320130000000000063000000000000000005290                                    00                
0330002300002J00034196565000000034001129088922380076000777000CENTER PECAS FABBRI LTDA      27032013000000000003400000000000000000000000000000000270320130000000000034000000000000000005291                                    00                
0330002300003J00034192565000000363601750000170698949044674000CENTRO AUTOMOTIVO ITUZAO LTDA 27032013000000000036360000000000000000000000000000000270320130000000000363600000000000000005292                                    00                
0330002300004J00023791565000007538403396092325000000500008270CINPAL CIA IND DE PECAS P/ AUT27032013000000000753840000000000000000000000000000000270320130000000007538400000000000000005293                                    00                
0330002300005J00023796565000000851143396092325000000900008270CINPAL CIA IND DE PECAS P/ AUT27032013000000000085114000000000000000000000000000000270320130000000000851140000000000000005294                                    00                
0330002300006J00000199565000000206964584340000000000100050921DB DISTRIBUIDORA DE BATERIAS L27032013000000000020696000000000000000000000000000000270320130000000000206960000000000000005295                                    00                
0330002300007J00000192565000008604494584340000000000100051021DB DISTRIBUIDORA DE BATERIAS L27032013000000000860449000000000000000000000000000000270320130000000008604490000000000000005296                                    00                
0330002300008J00034193565000006030241128793316462938030539000DELPHI AUTOM SYSTEMS BR LTDA  27032013000000000603024000000000000000000000000000000270320130000000006030240000000000000005297                                    00                
0330002300009J00035699565000000136750689070323440000003267910DISTRIBUIDORA AUTOMOTIVA S.A. 27032013000000000013675000000000000000000000000000000270320130000000000136750000000000000005298                                    00                
0330002300010J00034198565000000156711090304682930109276204000GIRANDO COMERCIO DE PECAS LTDA27032013000000000015671000000000000000000000000000000270320130000000000156710000000000000005300                                    00                
0330002300011J00034192565000000148391090304687800109276204000GIRANDO COMERCIO DE PECAS LTDA27032013000000000014839000000000000000000000000000000270320130000000000148390000000000000005301                                    00                
0330002300012J00000196565000013245610445279180634120000359731IRMAOS AMALCABURIO LTDA       27032013000000001324561000000000000000000000000000000270320130000000013245610000000000000005303                                    00                
0330002300013J00023792565000000505003372097672311761000767230MAGGI VEICULOS LTDA           27032013000000000050500000000000000000000000000000000270320130000000000505000000000000000005304                                    00                
0330002300014J00034194565000003005141128636941991248082487000BANCO DAYCOVAL SA             27032013000000000300514000000000000000000000000000000270320130000000003005140000000000000005305                                    00                
0330002300015J00039995565000000325102696557786504540096965001PELLEGRINO DISTRIBUIDORA DE AU27032013000000000032510000000000000000000000000000000270320130000000000325100000000000000005306                                    00                
0330002300016J00039998565000001344992696557746604540096965001PELLEGRINO DISTRIBUIDORA DE AU27032013000000000134499000000000000000000000000000000270320130000000001344990000000000000005307                                    00                
0330002300017J00023791565000000583243484093044000052901129000PETRONAS LUBRIFICANTES BRASIL 27032013000000000058324000000000000000000000000000000270320130000000000583240000000000000005308                                    00                
0330002300018J00023796565100000345433389259700291538800608570ECCO DO BRASIL PRODUTOS P/INFO28032013000000000034543000000000000000000000000000000270320130000000000345430000000000000005313                                    00                
0330002300019J00034191565100000402771090002091430137627725000ALENAN COML DE PECAS E ACS LTD28032013000000000040277000000000000000000000000000000270320130000000000402770000000000000005314                                    00                
0330002300020J00034195565100000273711090002096550137627725000ALENAN COML DE PECAS E ACS LTD28032013000000000027371000000000000000000000000000000270320130000000000273710000000000000005315                                    00                
0330002300021J00023798565100000236853371090000833975800719500AVEBRAZ COMERCIO DE VEICULOS E28032013000000000023685000000000000000000000000000000270320130000000000236850000000000000005316                                    00                
0330002300022J00039991565100000204551770882617011960078237001BAP AUTOMOTIVA LTDA           28032013000000000020455000000000000000000000000000000270320130000000000204550000000000000005317                                    00                
0330002300023J00039994565100000365501770102447804061860231001CAR CENTRAL DE AUTOPECAS E ROL28032013000000000036550000000000000000000000000000000270320130000000000365500000000000000005318                                    00                
0330002300024J00039995565100000405261770102437004061860231001CAR CENTRAL DE AUTOPECAS E ROL28032013000000000040526000000000000000000000000000000270320130000000000405260000000000000005319                                    00                
0330002300025J00039991565100000206581770102443504061860231001CAR CENTRAL DE AUTOPECAS E ROL28032013000000000020658000000000000000000000000000000270320130000000000206580000000000000005320                                    00                
0330002300026J00023799565100001327672646093057000004100157570CASA DOS BEBEDOUROS LTDA      28032013000000000132767000000000000000000000000000000270320130000000001327670000000000000005321                                    00                
0330002300027J00034197565100000043201128874215460076000777000CENTER PECAS FABBRI LTDA      28032013000000000004320000000000000000000000000000000270320130000000000043200000000000000005322                                    00                
0330002300028J00034191565100000157501128874215380076000777000CENTER PECAS FABBRI LTDA      28032013000000000015750000000000000000000000000000000270320130000000000157500000000000000005323                                    00                
0330002300029J00034191565100000352001128874215120076000777000CENTER PECAS FABBRI LTDA      28032013000000000035200000000000000000000000000000000270320130000000000352000000000000000005324                                    00                
0330002300030J00035691565100000376340689070323480000003267973DISTRIBUIDORA AUTOMOTIVA S.A. 28032013000000000037634000000000000000000000000000000270320130000000000376340000000000000005325                                    00                
0330002300031J00034195565100000397871090304694650109276204000GIRANDO COMERCIO DE PECAS LTDA28032013000000000039787000000000000000000000000000000270320130000000000397870000000000000005327                                    00                
0330002300032J00034192565100002881121129269683410125675405000IND E COM AUTO PECAS REI LTDA 28032013000000000288112000000000000000000000000000000270320130000000002881120000000000000005328                                    00                
0330002300033J00034195565100000652001127211253372938074016000ITAVOX VEICULOS               28032013000000000065200000000000000000000000000000000270320130000000000652000000000000000005329                                    00                
0330002300034J00000198565100000292701204334796528150001150017JANCAP COMERCIO IMPORTACAO E E28032013000000000029270000000000000000000000000000000270320130000000000292700000000000000005331                                    00                
0330002300035J00000198565100004623600444957492834280000630911JOFUND S/A                    28032013000000000462360000000000000000000000000000000270320130000000004623600000000000000005332                                    00                
0330002300036J00023795565100000727003372097672311770500767230MAGGI VEICULOS LTDA           28032013000000000072700000000000000000000000000000000270320130000000000727000000000000000005333                                    00                
0330002300037J00034199565100006298101128909014842938025125000MAHLE METAL LEVE S/A          28032013000000000629810000000000000000000000000000000270320130000000006298100000000000000005334                                    00                
0330002300038J00034196565100003686591128909015002938025125000MAHLE METAL LEVE S/A          28032013000000000368659000000000000000000000000000000270320130000000003686590000000000000005335                                    00                
0330002300039J00034199565100000843721128909015592938025125000MAHLE METAL LEVE S/A          28032013000000000084372000000000000000000000000000000270320130000000000843720000000000000005336                                    00                
0330002300040J00034197565100000118561128909014922938025125000MAHLE METAL LEVE S/A          28032013000000000011856000000000000000000000000000000270320130000000000118560000000000000005337                                    00                
0330002300041J00034196565100000459131128909015182938025125000MAHLE METAL LEVE S/A          28032013000000000045913000000000000000000000000000000270320130000000000459130000000000000005338                                    00                
0330002300042J00034195565100000220501128909015262938025125000MAHLE METAL LEVE S/A          28032013000000000022050000000000000000000000000000000270320130000000000220500000000000000005339                                    00                
0330002300043J00034194565100000224741128909015342938025125000MAHLE METAL LEVE S/A          28032013000000000022474000000000000000000000000000000270320130000000000224740000000000000005340                                    00                
0330002300044J00034195565100000171521128909015422938025125000MAHLE METAL LEVE S/A          28032013000000000017152000000000000000000000000000000270320130000000000171520000000000000005341                                    00                
0330002300045J00023797565100000328042078093063000004300013000DAVOS FOMENTO COMERCIAL LTDA  28032013000000000032804000000000000000000000000000000270320130000000000328040000000000000005342                                    00                
0330002300046J00023792565100000867002500090256574405500000340ODAPEL DISTRIBUIDORA DE AUTO P28032013000000000086700000000000000000000000000000000270320130000000000867000000000000000005343                                    00                
0330002300047J00039992565100001095448144671471604540096965001PELLEGRINO DISTRIBUIDORA DE AU28032013000000000109544000000000000000000000000000000270320130000000001095440000000000000005344                                    00                
0330002300048J00039992565100000996688144671542904540096965001PELLEGRINO DISTRIBUIDORA DE AU28032013000000000099668000000000000000000000000000000270320130000000000996680000000000000005345                                    00                
0330002300049J00039999565100000295708144671486404540096965001PELLEGRINO DISTRIBUIDORA DE AU28032013000000000029570000000000000000000000000000000270320130000000000295700000000000000005346                                    00                
0330002300050J00039998565100000244902696557945004540096965001PELLEGRINO DISTRIBUIDORA DE AU28032013000000000024490000000000000000000000000000000270320130000000000244900000000000000005347                                    00                
0330002300051J00023791565100000656923484093045000020901129000PETRONAS LUBRIFICANTES BRASIL 28032013000000000065692000000000000000000000000000000270320130000000000656920000000000000005348                                    00                
0330002300052J00023798565100000117213484093057000053501129000PETRONAS LUBRIFICANTES BRASIL 28032013000000000011721000000000000000000000000000000270320130000000000117210000000000000005349                                    00                
0330002300053J00023792565100000582363395061180232940600028140ROCHESTER DISTRIBUIDORA DE AUT28032013000000000058236000000000000000000000000000000270320130000000000582360000000000000005350                                    00                
0330002300054J00000194565100000698280000001451450000038130517SK AUTOMOTIVE S/A DISTR AUTOPE28032013000000000069828000000000000000000000000000000270320130000000000698280000000000000005351                                    00                
0330002300055J00023791565100000454824130074130006638200050880SOUZA RAMOS COM E IMP LTDA    28032013000000000045482000000000000000000000000000000270320130000000000454820000000000000005352                                    00                
0330002300056J00034199565100001019111128224004230480001510000SUSIN FRANCESCUTTI METAL LTDA 28032013000000000101911000000000000000000000000000000270320130000000001019110000000000000005353                                    00                
0330002300057J00023799565100003349730117093077000001600037900TRIADE COMERCIO E INDUSTRIA DE28032013000000000334973000000000000000000000000000000270320130000000003349730000000000000005354                                    00                
0330002300058J00034191565100000171991129371422418949010469000TSA TECN SIST AUTOM LTDA      28032013000000000017199000000000000000000000000000000270320130000000000171990000000000000005355                                    00                
0330002300059J00034191565100000109001091478263360513721555000VENANPECAS LTDA               28032013000000000010900000000000000000000000000000000270320130000000000109000000000000000005356                                    00                
03300025         000061000000000008042445000000000000000000                                                                                                                                                                                     
03300031C2011010 205437537000137003300650049002805030006550000480000414 AUTO GERAL DE ITU LTDA                                                AV DR OCTAVIANO PEREIRA MENDES01333               ITU                 13301000SP                  
0330003300001O00084860000007075500899999989999998845177921864NEXTEL TELECOMUNICACOES LTDA  27032013270320130000000000707555309                                                                                                                  
0330003300002B   000000000000000                              00000                                                  00000000  270320130000000000000000000000000000000000000000000000000000000000000000000000000000              0000000        
0330003300003O00084880000012330000899999939999998842395121864NEXTEL TELECOMUNICACOES LTDA  27032013270320130000000001233005310                                                                                                                  
0330003300004B   000000000000000                              00000                                                  00000000  270320130000000000000000000000000000000000000000000000000000000000000000000000000000              0000000        
0330003300005O00084840000004863100899999999999998847374891864NEXTEL TELECOMUNICACOES LTDA  27032013270320130000000000486315311                                                                                                                  
0330003300006B   000000000000000                              00000                                                  00000000  270320130000000000000000000000000000000000000000000000000000000000000000000000000000              0000000        
0330003300007O00083670000008701401103003240638610210018467784CIA PIRATININGA DE FORCA E LUZ27032013270320130000000000870145312                                                                                                                  
0330003300008B   000000000000000                              00000                                                  00000000  270320130000000000000000000000000000000000000000000000000000000000000000000000000000              0000000        
03300035         000010000000000000329700                                                                                                                                                                                                       
03399999         000003000079                                                                                                                                                                                                                   
