03300000         2054375370001370033006500490028050300065 0000480000414 AUTO GERAL DE ITU LTDA        BANCO SANTANDER                         12712201209085600006206000000                                        G4016PF00528               G4
03300011C2003031 2054375370001370033006500490028050300065 0000480000414 AUTO GERAL DE ITU LTDA                                                AV DR OCTAVIANO PEREIRA MENDES01333               ITU                 13301000SP                  
0330001300001A0000180010097090000000020168 TAPECARIA CELSIL LTDA         2338                27122012BRL000000000000000000000000970500                    00000000000000000000000                                        07          0          
0330001300002B   245478351000140                              00000                                                  00000000  271220120000000009705000000000000000000000000000000000000000000000000000000000000000000           00000          
03300015         000004000000000000970500000000000000000000                                                                                                                                                                                     
03300021C2031030 205437537000137003300650049002805030006550000480000414 AUTO GERAL DE ITU LTDA                                                AV DR OCTAVIANO PEREIRA MENDES01333               ITU                 13301000SP                  
0330002300001J00023796556000000227743372090000016142205040000ABRAO REZE COM DE VEICULOS LTD27122012000000000022774000000000000000000000000000000271220120000000000227740000000000000002298                                    00                
0330002300002J00034196556000003378931126394860030390497683000AUTIMEX COM IMPORTACAO E EXPOR27122012000000000337893000000000000000000000000000000271220120000000003378930000000000000002299                                    00                
0330002300003J00023797556000000174863371090000833813200719500AVEBRAZ COMERCIO DE VEICULOS E27122012000000000017486000000000000000000000000000000271220120000000000174860000000000000002300                                    00                
0330002300004J00039992556000000199131765876448911960078237001BAP AUTOMOTIVA LTDA           27122012000000000019913000000000000000000000000000000271220120000000000199130000000000000002301                                    00                
0330002300005J00039998556000000241411765876447011960078237001BAP AUTOMOTIVA LTDA           27122012000000000024141000000000000000000000000000000271220120000000000241410000000000000002302                                    00                
0330002300006J00023797556000000653333114091293598242601763000BANCO SAFRA S/A               27122012000000000065333000000000000000000000000000000271220120000000000653330000000000000002303                                    00                
0330002300007J00023791556000000339003114091294075734601763000BANCO SAFRA S/A               27122012000000000033900000000000000000000000000000000271220120000000000339000000000000000002304                                    00                
0330002300008J00034191556000000385001561593313424518080884000CAMPOS SALLES C LTDA EPP      27122012000000000038500000000000000000000000000000000271220120000000000385000000000000000002305                                    00                
0330002300009J00023795556000000283050495092338000019700995600CAOA CAMINHOES LTDA           27122012000000000028305000000000000000000000000000000271220120000000000283050000000000000002306                                    00                
0330002300010J00034191556000000058071090003007930278840913000CAPITAL EMBALAGENS DESCAT LTDA27122012000000000005807000000000000000000000000000000271220120000000000058070000000000000002307                                    00                
0330002300011J00034195556000000042501126417168920076000777000CENTER PECAS FABBRI LTDA      27122012000000000004250000000000000000000000000000000271220120000000000042500000000000000002308                                    00                
0330002300012J00039994556000000329523200072764303436080189001COFIPE VEICULOS LTDA          27122012000000000032952000000000000000000000000000000271220120000000000329520000000000000002309                                    00                
0330002300013J00023792556000000481553262090000030076000935470COMDIP COMERCIAL DISTR DE PECA27122012000000000048155000000000000000000000000000000271220120000000000481550000000000000002310                                    00                
0330002300014J00035695556000000162990689070323440000004895586DISTRIBUIDORA AUTOMOTIVA S/A  27122012000000000016299000000000000000000000000000000271220120000000000162990000000000000002311                                    00                
0330002300015J00034195556000000210181126514522480548006287000ELETROPAR AUTOPECAS LTDA      27122012000000000021018000000000000000000000000000000271220120000000000210180000000000000002312                                    00                
0330002300016J00034193556000000132791090304231650109276204000GIRANDO COMERCIO DE PECAS LTDA27122012000000000013279000000000000000000000000000000271220120000000000132790000000000000002313                                    00                
0330002300017J00034193556000000103241090304229770109276204000GIRANDO COMERCIO DE PECAS LTDA27122012000000000010324000000000000000000000000000000271220120000000000103240000000000000002314                                    00                
0330002300018J00034199556000000033031090304229850109276204000GIRANDO COMERCIO DE PECAS LTDA27122012000000000003303000000000000000000000000000000271220120000000000033030000000000000002315                                    00                
0330002300019J00034198556000000831351570575225948169066506000GUPE DISTR DE AUTOPECAS LTDA  27122012000000000083135000000000000000000000000000000271220120000000000831350000000000000002316                                    00                
0330002300020J00000193556000003504280443234003601790000407011H S COMERCIO DE ADESIVOS LTDA 27122012000000000350428000000000000000000000000000000271220120000000003504280000000000000002317                                    00                
0330002300021J00023797556000005023493114091294868202701763000BANCO SAFRA S/A               27122012000000000502349000000000000000000000000000000271220120000000005023490000000000000002318                                    00                
0330002300022J00023799556000001205993114091294868204301763000BANCO SAFRA S/A               27122012000000000120599000000000000000000000000000000271220120000000001205990000000000000002319                                    00                
0330002300023J00023792556000008444873372090000034365200595550FIDC MULTISETORIAL VALECRED LP27122012000000000844487000000000000000000000000000000271220120000000008444870000000000000002320                                    00                
0330002300024J00042291556000000656747115000051187559450518161ISAPA IMP COM LTDA            27122012000000000065674000000000000000000000000000000271220120000000000656740000000000000002321                                    00                
0330002300025J00034197556000000599071124470530528351016152000MANDO MACHINERY LTDA          27122012000000000059907000000000000000000000000000000271220120000000000599070000000000000002322                                    00                
0330002300026J00023791556000000583323394090000013316700324600MORELATE DISTRIBUIDORA DE AUTO27122012000000000058332000000000000000000000000000000271220120000000000583320000000000000002323                                    00                
0330002300027J00023798556000002161662500090256568915900000340ODAPEL DISTRIBUIDORA DE AUTO P27122012000000000216166000000000000000000000000000000271220120000000002161660000000000000002324                                    00                
0330002300028J00023796556000000559422500090256568915800000340ODAPEL DISTRIBUIDORA DE AUTO P27122012000000000055942000000000000000000000000000000271220120000000000559420000000000000002325                                    00                
0330002300029J00039993556000000428902696546117404540096965001PELLEGRINO DISTRIBUIDORA DE AU27122012000000000042890000000000000000000000000000000271220120000000000428900000000000000002326                                    00                
0330002300030J00039991556000000317638144667050604540096965001PELLEGRINO DISTRIBUIDORA DE AU27122012000000000031763000000000000000000000000000000271220120000000000317630000000000000002327                                    00                
0330002300031J00034192556000001707561126948369770191074004000POLIPECAS COMERCIAL E IMPORTAD27122012000000000170756000000000011953000000000000000271220120000000001588030000000000000002328                                    00                
0330002300032J00039992556000000687742315311456005313093513001REAL MOTO PECAS LTDA          27122012000000000068774000000000000000000000000000000271220120000000000687740000000000000002329                                    00                
0330002300033J00039995556000000368202315325322605313093513001REAL MOTO PECAS LTDA          27122012000000000036820000000000000000000000000000000271220120000000000368200000000000000002330                                    00                
0330002300034J00039997556000000748402315311371805313093513001REAL MOTO PECAS LTDA          27122012000000000074840000000000000000000000000000000271220120000000000748400000000000000002331                                    00                
0330002300035J00039999556000000901542315331885905313093513001REAL MOTO PECAS LTDA          27122012000000000090154000000000000000000000000000000271220120000000000901540000000000000002332                                    00                
0330002300036J00023797556000000300980545090000031162800705060TONINI DISTRIBUIDORA LTDA     27122012000000000030098000000000000000000000000000000271220120000000000300980000000000000002333                                    00                
0330002300037J00023791556000001281501998190000010217400503970VANUCCI IMPORTACAO EXPORT. E C27122012000000000128150000000000000000000000000000000271220120000000001281500000000000000002334                                    00                
0330002300038J00000192556000004392568516950938903510000386218VOBER IND E COM LTDA          27122012000000000439256000000000000000000000000000000271220120000000004392560000000000000002335                                    00                
0330002300039J00034199556000000244521750000117248949044674000CENTRO AUTOMOTIVO ITUZAO LTDA 27122012000000000024452000000000000000000000000000000271220120000000000244520000000000000002336                                    00                
0330002300040J00034198556000000380131570898458530278483557000AUTO POSTO ESTRADAO DE ITU LTD27122012000000000038013000000000000000000000000000000271220120000000000380130000000000000002337                                    00                
03300025         000042000000000004264664000000000000000000                                                                                                                                                                                     
03399999         000002000048                                                                                                                                                                                                                   
