03300000         2054375370001370033006500490028050300065 0000480000414 AUTO GERAL DE ITU LTDA        BANCO SANTANDER                         12711201210381300003806000000                                        G4016PF00528               G4
03300011C2003031 2054375370001370033006500490028050300065 0000480000414 AUTO GERAL DE ITU LTDA                                                AV DR OCTAVIANO PEREIRA MENDES01333               ITU                 13301000SP                  
0330001300001A0000183410006500000000260697 SDUBO COM. IND. LTDA          1190                27112012BRL000000000000000000000000517651                    00000000000000000000000                                        07          0          
0330001300002B   260042538000190                              00000                                                  00000000  271120120000000005176510000000000000000000000000000000000000000000000000000000000000000           00000          
03300015         000004000000000000517651000000000000000000                                                                                                                                                                                     
03300021C2030030 205437537000137003300650049002805030006550000480000414 AUTO GERAL DE ITU LTDA                                                AV DR OCTAVIANO PEREIRA MENDES01333               ITU                 13301000SP                  
0330002300001J00003391553000001612589513931700000103376010101DISTRIBUIDORA ATOMOTIVA S.A   27112012000000000161258000000000000000000000000000000271120120000000001612580000000000000001165                                    00                
0330002300002J00003398553000000500639513931700000103377920101DISTRIBUIDORA ATOMOTIVA S.A   27112012000000000050063000000000000000000000000000000271120120000000000500630000000000000001166                                    00                
03300025         000004000000000000211321000000000000000000                                                                                                                                                                                     
03300031C2031030 205437537000137003300650049002805030006550000480000414 AUTO GERAL DE ITU LTDA                                                AV DR OCTAVIANO PEREIRA MENDES01333               ITU                 13301000SP                  
0330003300001J00039999553000000181211763797575711960078237001BAP AUTOMOTIVA LTDA           27112012000000000018121000000000000000000000000000000271120120000000000181210000000000000001162                                    00                
0330003300002J00039993553000000663751763797574911960078237001BAP AUTOMOTIVA LTDA           27112012000000000066375000000000000000000000000000000271120120000000000663750000000000000001163                                    00                
0330003300003J00023796553000000524793389092319000010000120490CHG AUTOMOTIVA LTDA           27112012000000000052479000000000000000000000000000000271120120000000000524790000000000000001164                                    00                
0330003300004J00034191553000000012271125094704262938000052000EATON  LTDA                   27112012000000000001227000000000000000000000000000000271120120000000000012270000000000000001167                                    00                
0330003300005J00034199553000000236771124678835862938000052000EATON  LTDA                   27112012000000000023677000000000000000000000000000000271120120000000000236770000000000000001168                                    00                
0330003300006J00034191553000000825661125094681562938000052000EATON  LTDA                   27112012000000000082566000000000000000000000000000000271120120000000000825660000000000000001169                                    00                
0330003300007J00034193553000000490221125094705412938000052000EATON  LTDA                   27112012000000000049022000000000000000000000000000000271120120000000000490220000000000000001170                                    00                
0330003300008J00034197553000000130041125094702852938000052000EATON  LTDA                   27112012000000000013004000000000000000000000000000000271120120000000000130040000000000000001171                                    00                
0330003300009J00034191553000000349741098887857910046365078000FELICIO VIGORITO FILHOS LTDA  27112012000000000034974000000000000000000000000000000271120120000000000349740000000000000001172                                    00                
0330003300010J00000194553000002238460441544140901790000407011H S COMERCIO DE ADESIVOS LTDA 27112012000000000223846000000000000000000000000000000271120120000000002238460000000000000001173                                    00                
0330003300011J00023794553000007602970284281321210548400742060INDUSTRIAS DEL RECAMBIO DO BRA27112012000000000760297000000000000000000000000000000271120120000000007602970000000000000001174                                    00                
0330003300012J00034195553000000281851090008083752938050420000ITA PECAS PARA VEIC COM SERV L27112012000000000028185000000000000000000000000000000271120120000000000281850000000000000001175                                    00                
0330003300013J00000197553000004722250442085501134280000630911JOFUND S/A                    27112012000000000472225000000000000000000000000000000271120120000000004722250000000000000001176                                    00                
0330003300014J00034194553000000599061124470530458351016152000MANDO MACHINERY LTDA          27112012000000000059906000000000000000000000000000000271120120000000000599060000000000000001177                                    00                
0330003300015J00023793553000005891053398022306000002001220000MASAFLEX IND E COM LTDA       27112012000000000589105000000000000000000000000000000271120120000000005891050000000000000001178                                    00                
0330003300016J00039996553000000671312696543770204540096965001PELLEGRINO DIST DE AUTOPECAS L27112012000000000067131000000000000000000000000000000271120120000000000671310000000000000001179                                    00                
0330003300017J00023791553000001742593484092271000011601129000PETRONAS LUBRIFICANTES BRASIL 27112012000000000174259000000000000000000000000000000271120120000000001742590000000000000001180                                    00                
0330003300018J00023795553000001973200151091323180013701251750PECA MAIS COM DE AUTOPECAS LTD27112012000000000197320000000000000000000000000000000271120120000000001973200000000000000001181                                    00                
0330003300019J00039994553000004420732053169141605313093513001REAL MOTO PECAS LTDA          27112012000000000442073000000000000000000000000000000271120120000000004420730000000000000001182                                    00                
0330003300020J00000191553000000210800442072921433260008018911T-PARTS COML E IMP DE AUTOPECA27112012000000000021080000000000000000000000000000000271120120000000000210800000000000000001183                                    00                
0330003300021J00034197553000000983511125389769893184597502000UNIVERSAL AUTOMOTIVE SYSTEMS S27112012000000000098351000000000000000000000000000000271120120000000000983510000000000000001184                                    00                
0330003300022J00000192553000000583580000001148003000006922217VESPOR AUTOMOTIVE DIST DE AUTO27112012000000000058358000000000000000000000000000000271120120000000000583580000000000000001185                                    00                
0330003300023J00039997553000000018373882601943010190038826001ELETROPERFIL PRODS ELETRO META27112012000000000001837000000000000000000000000000000271120120000000000018370000000000000001186                                    00                
0330003300024J00039993553000000109063882601868010190038826001ELETROPERFIL PRODS ELETRO META27112012000000000010906000000000000000000000000000000271120120000000000109060000000000000001187                                    00                
0330003300025J00034192553000000346911750000096298949044674000CENTRO AUTOMOTIVO ITUZAO LTDA 27112012000000000034691000000000000000000000000000000271120120000000000346910000000000000001188                                    00                
0330003300026J00034193553000002827661126144484160191074004000POLIPECAS COMERCIAL E IMPORTAD27112012000000000282766000000000019794000000000000000271120120000000002629720000000000000001191                                    00                
03300035         000028000000000003843987000000000000000000                                                                                                                                                                                     
03300041C2017010 205437537000137003300650049002805030006550000480000414 AUTO GERAL DE ITU LTDA                                                AV DR OCTAVIANO PEREIRA MENDES01333               ITU                 13301000SP                  
0330004300001N0001189                                    AUTO GERAL DE ITU LTDA        27112012000000000133875002100020543753700013717102012000000000130853000000000000000000000000003022                                                       
0330004300002B   205437537000137                              00000                                                  00000000  271120120000000000000000000000000000000000000000000000000000000000000000000000000000              0000000        
03300045         000004000000000000133875                                                                                                                                                                                                       
03399999         000004000042                                                                                                                                                                                                                   
