03300000         2054375370001370033006500490028050300065 0000480000414 AUTO GERAL DE ITU LTDA        BANCO SANTANDER                         12812201211133900006306000000                                        G4016PF00528               G4
03300011C2003031 2054375370001370033006500490028050300065 0000480000414 AUTO GERAL DE ITU LTDA                                                AV DR OCTAVIANO PEREIRA MENDES01333               ITU                 13301000SP                  
0330001300001A0007002370014500000000005894 INDUSTRIA MECANICAS ALVARCO   2398                28122012BRL000000000000000000000000421891                    00000000000000000000000                                        07          0          
0330001300002B   254365416000132                              00000                                                  00000000  281220120000000004218910000000000000000000000000000000000000000000000000000000000000000           00000          
0330001300003A0007002370123190000000029912 F.CONFUORTO IND E COM DE PECAS2399                28122012BRL000000000000000000000000281782                    00000000000000000000000                                        07          0          
0330001300004B   243024991000155                              00000                                                  00000000  281220120000000002817820000000000000000000000000000000000000000000000000000000000000000           00000          
03300015         000006000000000000703673000000000000000000                                                                                                                                                                                     
03300021C2030030 205437537000137003300650049002805030006550000480000414 AUTO GERAL DE ITU LTDA                                                AV DR OCTAVIANO PEREIRA MENDES01333               ITU                 13301000SP                  
0330002300001J00003397556200000280509364041800000001287240104BIAGIO DELL AGLI E CIA LTDA   29122012000000000028050000000000000000000000000000000281220120000000000280500000000000000002372                                    00                
0330002300002J00003398556400000471769482966200000022780730104CAR CENTRAL DE AUTOPECAS E ROL31122012000000000047176000000000000000000000000000000281220120000000000471760000000000000002403                                    00                
0330002300003J00003392556400002498059482966200000023000520104CAR CENTRAL DE AUTOPECAS E ROL31122012000000000249805000000000000000000000000000000281220120000000002498050000000000000002404                                    00                
0330002300004J00003398556400000111769482966200000022780060104CAR CENTRAL DE AUTOPECAS E ROL31122012000000000011176000000000000000000000000000000281220120000000000111760000000000000002405                                    00                
0330002300005J00003392556400000420339482966200000022777600104CAR CENTRAL DE AUTOPECAS E ROL31122012000000000042033000000000000000000000000000000281220120000000000420330000000000000002408                                    00                
0330002300006J00003391556400000590039513931700000103646410101DISTRIBUIDORA AUTOMOTIVA S/A  31122012000000000059003000000000000000000000000000000281220120000000000590030000000000000002422                                    00                
0330002300007J00003391556400000714669513931700000103646500101DISTRIBUIDORA AUTOMOTIVA S/A  31122012000000000071466000000000000000000000000000000281220120000000000714660000000000000002424                                    00                
03300025         000009000000000000508709000000000000000000                                                                                                                                                                                     
03300031C2031030 205437537000137003300650049002805030006550000480000414 AUTO GERAL DE ITU LTDA                                                AV DR OCTAVIANO PEREIRA MENDES01333               ITU                 13301000SP                  
0330003300001J00023791556100000969003114091293416616101763000BANCO SAFRA S/A               28122012000000000096900000000000000000000000000000000281220120000000000969000000000000000002339                                    00                
0330003300002J00039991556100000388591765527901604061860231001CAR CENTRAL DE AUTOPECAS E ROL28122012000000000038859000000000000000000000000000000281220120000000000388590000000000000002340                                    00                
0330003300003J00034199556100000088501126417169260076000777000CENTER PECAS FABBRI LTDA      28122012000000000008850000000000000000000000000000000281220120000000000088500000000000000002341                                    00                
0330003300004J00034191556100000029501126417169180076000777000CENTER PECAS FABBRI LTDA      28122012000000000002950000000000000000000000000000000281220120000000000029500000000000000002342                                    00                
0330003300005J00034191556100000221001126417169000076000777000CENTER PECAS FABBRI LTDA      28122012000000000022100000000000000000000000000000000281220120000000000221000000000000000002343                                    00                
0330003300006J00034199556100009626271126687627460360545834000COBRA ROLAMENTOS E AUTO PECAS 28122012000000000962627000000000000000000000000000000281220120000000009626270000000000000002344                                    00                
0330003300007J00034196556100000441771126687631400360545834000COBRA ROLAMENTOS E AUTO PECAS 28122012000000000044177000000000000000000000000000000281220120000000000441770000000000000002345                                    00                
0330003300008J00034191556100000291601126687630170360545834000COBRA ROLAMENTOS E AUTO PECAS 28122012000000000029160000000000000000000000000000000281220120000000000291600000000000000002346                                    00                
0330003300009J00034194556100005452671126687630250360545834000COBRA ROLAMENTOS E AUTO PECAS 28122012000000000545267000000000000000000000000000000281220120000000005452670000000000000002347                                    00                
0330003300010J00023796556100000380413262090000030850800935470COMDIP COMERCIAL DISTR DE PECA28122012000000000038041000000000000000000000000000000281220120000000000380410000000000000002348                                    00                
0330003300011J00034191556100001253341126326467851446662742000COML FIX IMPL RODOVIARIOS LTDA28122012000000000125334000000000000000000000000000000281220120000000001253340000000000000002349                                    00                
0330003300012J00034192556100000444861570994744264522114471000COML NV MILLENNIUN A P LTDA EP28122012000000000044486000000000002224000000000000000281220120000000000422620000000000000002350                                    00                
0330003300013J00034196556100003358981126367367982938030539000DELPHI AUTOM SYSTEMS BR LTDA  28122012000000000335898000000000000000000000000000000281220120000000003358980000000000000002351                                    00                
0330003300014J00000191556100001266461610087210514830000770017DIAS  DIAS DISTR DE PECAS LTDA28122012000000000126646000000000000000000000000000000281220120000000001266460000000000000002352                                    00                
0330003300015J00035695556100000406970689070323450000004895734DISTRIBUIDORA AUTOMOTIVA S/A  28122012000000000040697000000000000000000000000000000281220120000000000406970000000000000002353                                    00                
0330003300016J00023795556100000261870138092328000003101453000OBB CONSULTORIA E PARTICIPACOE28122012000000000026187000000000000000000000000000000281220120000000000261870000000000000002354                                    00                
0330003300017J00034192556100001651531126111056622938000052000EATON LTDA                    28122012000000000165153000000000000000000000000000000281220120000000001651530000000000000002355                                    00                
0330003300018J00034195556100000333931126465352552938000052000EATON LTDA                    28122012000000000033393000000000000000000000000000000281220120000000000333930000000000000002356                                    00                
0330003300019J00034191556100000502711126465350732938000052000EATON LTDA                    28122012000000000050271000000000000000000000000000000281220120000000000502710000000000000002357                                    00                
0330003300020J00034195556100000093261126500487992938000052000EATON LTDA                    28122012000000000009326000000000000000000000000000000281220120000000000093260000000000000002358                                    00                
0330003300021J00039995556100000380841763167502604570524809001EATON LTDA                    28122012000000000038084000000000000000000000000000000281220120000000000380840000000000000002359                                    00                
0330003300022J00034194556100000559431090008746092938050420000ITA PECAS PARA VEIC COM E SERV28122012000000000055943000000000000000000000000000000281220120000000000559430000000000000002360                                    00                
0330003300023J00023796556100000998240008092352000004800385010MAQUINAS AGRICOLAS JACTO SA   28122012000000000099824000000000000000000000000000000281220120000000000998240000000000000002361                                    00                
0330003300024J00023795556100000659103394090000013387100324600MORELATE DISTRIBUIDORA DE AUTO28122012000000000065910000000000000000000000000000000281220120000000000659100000000000000002362                                    00                
0330003300025J00034196556100000261661126458891256676980086000NOVA DISTRIBUIDORA DE VEICULOS28122012000000000026166000000000000000000000000000000281220120000000000261660000000000000002363                                    00                
0330003300026J00023795556100000672800151091323490029701251750PECA MAIS COMERCIO DE AUTO PEC28122012000000000067280000000000000000000000000000000281220120000000000672800000000000000002364                                    00                
0330003300027J00034192556100000490001126309723810384625000000PECAS AUTOMOTIVAS ZEENE LTDA  28122012000000000049000000000000000000000000000000000281220120000000000490000000000000000002365                                    00                
0330003300028J00039994556100001516912315329537905313093513001REAL MOTO PECAS LTDA          28122012000000000151691000000000000000000000000000000281220120000000001516910000000000000002366                                    00                
0330003300029J00039991556100002689172315328707405313093513001REAL MOTO PECAS LTDA          28122012000000000268917000000000000000000000000000000281220120000000002689170000000000000002367                                    00                
0330003300030J00039991556100000314262315327482705313093513001REAL MOTO PECAS LTDA          28122012000000000031426000000000000000000000000000000281220120000000000314260000000000000002368                                    00                
0330003300031J00023798556100000661363395061180232856000028140ROCHESTER DISTRIBUIDORA DE AUT28122012000000000066136000000000000000000000000000000281220120000000000661360000000000000002369                                    00                
0330003300032J00039999556100000190031764724277404540079149001BANCO SOFISA SA               28122012000000000019003000000000000000000000000000000281220120000000000190030000000000000002370                                    00                
0330003300033J00039994556100000418401764724276604540079149001BANCO SOFISA SA               28122012000000000041840000000000000000000000000000000281220120000000000418400000000000000002371                                    00                
0330003300034J00023793556200000380363381090000008890301801540BRASILWAGEN COM VEICULOS SA   29122012000000000038036000000000000000000000000000000281220120000000000380360000000000000002373                                    00                
0330003300035J00034193556200000034001126417169340076000777000CENTER PECAS FABBRI LTDA      29122012000000000003400000000000000000000000000000000281220120000000000034000000000000000002374                                    00                
0330003300036J00034192556200000590621126422892872938107808000ELIVEL AUTOMOTORES LTDA       29122012000000000059062000000000000000000000000000000281220120000000000590620000000000000002375                                    00                
0330003300037J00034197556200001690951570961479780069637890000HT COMPONENTES AUTOMOTIVOS LTD29122012000000000169095000000000000000000000000000000281220120000000001690950000000000000002376                                    00                
0330003300038J00000198556200000803030442666088234120000204711INSTALADORA SAO MARCOS LTDA   29122012000000000080303000000000000000000000000000000281220120000000000803030000000000000002377                                    00                
0330003300039J00000191556200000558840000001451672442886058211BANCO VOTORANTIM SA           29122012000000000055884000000000000000000000000000000281220120000000000558840000000000000002378                                    00                
0330003300040J00023791556200000467653394090000013464400324600MORELATE DISTRIBUIDORA DE AUTO29122012000000000046765000000000000000000000000000000281220120000000000467650000000000000002379                                    00                
0330003300041J00034194556200000426201126358883760384625000000PECAS AUTOMOTIVAS ZEENE LTDA  29122012000000000042620000000000000000000000000000000281220120000000000426200000000000000002380                                    00                
0330003300042J00000192556200001475060000001244482993005107317RPT DISTRIBUIDORA DE AUTO PECA29122012000000000147506000000000000000000000000000000281220120000000001475060000000000000002381                                    00                
0330003300043J00023796556200000552593395090000005104300650000SORANA SUL                    29122012000000000055259000000000000000000000000000000281220120000000000552590000000000000002382                                    00                
0330003300044J00023798556200000361090545090000030362200705060TONINI DISTRIBUIDORA LTDA     29122012000000000036109000000000000000000000000000000281220120000000000361090000000000000002383                                    00                
0330003300045J00023791556200000636000092092335000001600165930WILSON RUSSO AUTOPECAS LTDA   29122012000000000063600000000000000000000000000000000281220120000000000636000000000000000002384                                    00                
0330003300046J00034196556300000188981126520577150237417159000ACCIOLY SA IMP E COM          30122012000000000018898000000000000000000000000000000281220120000000000188980000000000000002385                                    00                
0330003300047J00034191556300000024501126417169420076000777000CENTER PECAS FABBRI LTDA      30122012000000000002450000000000000000000000000000000281220120000000000024500000000000000002386                                    00                
0330003300048J00023797556300002283780285092339000016400943470DISTRIBUIDORA BRASUL DE AUTOPE30122012000000000228378000000000000000000000000000000281220120000000002283780000000000000002387                                    00                
0330003300049J00023796556300006647390285092339000016500943470DISTRIBUIDORA BRASUL DE AUTOPE30122012000000000664739000000000000000000000000000000281220120000000006647390000000000000002388                                    00                
0330003300050J00034196556300000383851125632906522938000052000EATON LTDA                    30122012000000000038385000000000000000000000000000000281220120000000000383850000000000000002389                                    00                
0330003300051J00034195556300000112551125675155182938000052000EATON LTDA                    30122012000000000011255000000000000000000000000000000281220120000000000112550000000000000002390                                    00                
0330003300052J00000191556300000939320000001241264442910381411INCOPARTS IND E COM DE PECAS L30122012000000000093932000000000000000000000000000000281220120000000000939320000000000000002391                                    00                
0330003300053J00023791556300000398032500090256569202100000340ODAPEL DISTRIBUIDORA DE AUTO P30122012000000000039803000000000000000000000000000000281220120000000000398030000000000000002392                                    00                
0330003300054J00000192556300004068030000002096856000002045617PRV COMERCIO DE PECAS LTDA    30122012000000000406803000000000000000000000000000000281220120000000004068030000000000000002393                                    00                
0330003300055J00000191556300002126900000001291892000004466217VESPOR AUTOMOTIVE DIST DE AUTO30122012000000000212690000000000000000000000000000000281220120000000002126900000000000000002394                                    00                
0330003300056J00000198556300000442500000001291892000004465917VESPOR AUTOMOTIVE DIST DE AUTO30122012000000000044250000000000000000000000000000000281220120000000000442500000000000000002395                                    00                
0330003300057J00039996556300004040702671553411703435718856001SERASA S.A                    30122012000000000404070000000000000000000000000000000281220120000000004040700000000000000002396                                    00                
0330003300058J00010497556400000027119786171517705437537000124SINDICATO DOS EMPREGADOS NO CO31122012000000000002711000000000000000000000000000000281220120000000000027110000000000000002397                                    00                
0330003300059J00023795556400000066013372090000016165005040000ABRAO REZE COM DE VEICULOS LTD31122012000000000006601000000000000000000000000000000281220120000000000066010000000000000002400                                    00                
0330003300060J00039992556400000197811766086194711960078237001BAP AUTOMOTIVA LTDA           31122012000000000019781000000000000000000000000000000281220120000000000197810000000000000002401                                    00                
0330003300061J00023795556400001553104130072362000000405102210BREMSEN WAYSER IND E COM LTDA 31122012000000000155310000000000000000000000000000000281220120000000001553100000000000000002402                                    00                
0330003300062J00039997556400000491551766148963404061860231001CAR CENTRAL DE AUTOPECAS E ROL31122012000000000049155000000000000000000000000000000281220120000000000491550000000000000002406                                    00                
0330003300063J00039999556400000256401766148955304061860231001CAR CENTRAL DE AUTOPECAS E ROL31122012000000000025640000000000000000000000000000000281220120000000000256400000000000000002407                                    00                
0330003300064J00039997556400000223971766148959604061860231001CAR CENTRAL DE AUTOPECAS E ROL31122012000000000022397000000000000000000000000000000281220120000000000223970000000000000002409                                    00                
0330003300065J00023799556400008805022002061201383752100829680COMERCIAL AUTOMOTIVA S.A.     31122012000000000880502000000000000000000000000000000281220120000000008805020000000000000002410                                    00                
0330003300066J00023791556400001076352002061201383857100829680COMERCIAL AUTOMOTIVA S.A.     31122012000000000107635000000000000000000000000000000281220120000000001076350000000000000002411                                    00                
0330003300067J00023796556400004804602002061201383645100829680COMERCIAL AUTOMOTIVA S.A.     31122012000000000480460000000000000000000000000000000281220120000000004804600000000000000002412                                    00                
0330003300068J00023791556400000697242002061201383294100829680COMERCIAL AUTOMOTIVA S.A.     31122012000000000069724000000000000000000000000000000281220120000000000697240000000000000002413                                    00                
0330003300069J00023798556400000637872002061201383660100829680COMERCIAL AUTOMOTIVA S.A.     31122012000000000063787000000000000000000000000000000281220120000000000637870000000000000002414                                    00                
0330003300070J00034191556400007285421126917349770624085833000COMERCIAL DE AUTO PECAS EMBREP31122012000000000728542000000000000000000000000000000281220120000000007285420000000000000002415                                    00                
0330003300071J00034199556400002223051126917349690624085833000COMERCIAL DE AUTO PECAS EMBREP31122012000000000222305000000000000000000000000000000281220120000000002223050000000000000002416                                    00                
0330003300072J00034194556400001301911126917349440624085833000COMERCIAL DE AUTO PECAS EMBREP31122012000000000130191000000000000000000000000000000281220120000000001301910000000000000002417                                    00                
0330003300073J00000194556400003379564584341707500370004790718DB DISTRIBUIDORA DE BATERIAS L31122012000000000337956000000000000000000000000000000281220120000000003379560000000000000002418                                    00                
0330003300074J00000198556400002274424584341707600370004790718DB DISTRIBUIDORA DE BATERIAS L31122012000000000227442000000000000000000000000000000281220120000000002274420000000000000002419                                    00                
0330003300075J00035691556400000355160689070323450000004895908DISTRIBUIDORA AUTOMOTIVA S/A  31122012000000000035516000000000000000000000000000000281220120000000000355160000000000000002420                                    00                
0330003300076J00035691556400000959610689070323450000005563802DISTRIBUIDORA AUTOMOTIVA S/A  31122012000000000095961000000000000000000000000000000281220120000000000959610000000000000002421                                    00                
0330003300077J00035698556400000102350689070323440000004895891DISTRIBUIDORA AUTOMOTIVA S/A  31122012000000000010235000000000000000000000000000000281220120000000000102350000000000000002423                                    00                
0330003300078J00035693556400000152740689070323470000004896052DISTRIBUIDORA AUTOMOTIVA S/A  31122012000000000015274000000000000000000000000000000281220120000000000152740000000000000002425                                    00                
0330003300079J00035691556400000141170689070323480000004895970DISTRIBUIDORA AUTOMOTIVA S/A  31122012000000000014117000000000000000000000000000000281220120000000000141170000000000000002426                                    00                
0330003300080J00039999556400000117353005508601603430712744001DISTRIBUIDORA AUTOMOTIVA S/A  31122012000000000011735000000000000000000000000000000281220120000000000117350000000000000002427                                    00                
0330003300081J00023796556400000286140138092338000003801370000BBL SISTEMAS OPERACIONAIS LTDA31122012000000000028614000000000000000000000000000000281220120000000000286140000000000000002428                                    00                
0330003300082J00034197556400000452661126111121892938000052000EATON LTDA                    31122012000000000045266000000000000000000000000000000281220120000000000452660000000000000002429                                    00                
0330003300083J00034199556400000954851124670569512938107808000ELIVEL AUTOMOTORES LTDA       31122012000000000095485000000000000000000000000000000281220120000000000954850000000000000002430                                    00                
0330003300084J00034198556400000121171090304248330109276204000GIRANDO COMERCIO DE PECAS LTDA31122012000000000012117000000000000000000000000000000281220120000000000121170000000000000002431                                    00                
0330003300085J00034191556400001890751090006238550054846332000GT COMERCIO DE LUBRIFICANTES L31122012000000000189075000000000000000000000000000000281220120000000001890750000000000000002432                                    00                
0330003300086J00034197556400000337001125410826272938074016000ITAVOX VEICULOS               31122012000000000033700000000000000000000000000000000281220120000000000337000000000000000002433                                    00                
0330003300087J00034197556400000119311126942824872395022557000KOGA KOGA CIA LTDA            31122012000000000011931000000000000000000000000000000281220120000000000119310000000000000002434                                    00                
0330003300088J00034191556400000344711126942824952395022557000KOGA KOGA CIA LTDA            31122012000000000034471000000000000000000000000000000281220120000000000344710000000000000002435                                    00                
0330003300089J00034196556400001304661126942825032395022557000KOGA KOGA CIA LTDA            31122012000000000130466000000000000000000000000000000281220120000000001304660000000000000002436                                    00                
0330003300090J00034194556400006693541127032207831446685057000KT COMP AUTOMOTIVOS LTDA      31122012000000000669354000000000000000000000000000000281220120000000006693540000000000000002437                                    00                
0330003300091J00023799556400000065983372097672311558800767230MAGGI VEICULOS LTDA           31122012000000000006598000000000000000000000000000000281220120000000000065980000000000000002438                                    00                
0330003300092J00039991556400000912368144667160004540096965001PELLEGRINO DISTRIBUIDORA DE AU31122012000000000091236000000000000000000000000000000281220120000000000912360000000000000002439                                    00                
0330003300093J00039999556400002196782696547484504540096965001PELLEGRINO DISTRIBUIDORA DE AU31122012000000000219678000000000000000000000000000000281220120000000002196780000000000000002440                                    00                
0330003300094J00039992556400002443848144667155304540096965001PELLEGRINO DISTRIBUIDORA DE AU31122012000000000244384000000000000000000000000000000281220120000000002443840000000000000002441                                    00                
0330003300095J00039991556400012380148144667197904540096965001PELLEGRINO DISTRIBUIDORA DE AU31122012000000001238014000000000000000000000000000000281220120000000012380140000000000000002442                                    00                
0330003300096J00039991556400001415878144667162604540096965001PELLEGRINO DISTRIBUIDORA DE AU31122012000000000141587000000000000000000000000000000281220120000000001415870000000000000002443                                    00                
0330003300097J00039995556400001579052696547483704540096965001PELLEGRINO DISTRIBUIDORA DE AU31122012000000000157905000000000000000000000000000000281220120000000001579050000000000000002444                                    00                
0330003300098J00039995556400000936548145175602804540096965001PELLEGRINO DISTRIBUIDORA DE AU31122012000000000093654000000000000000000000000000000281220120000000000936540000000000000002445                                    00                
0330003300099J00023799556400007831203684190000017907100673000POLIPECAS DISTRIBUIDORA AUTOMO31122012000000000783120000000000000000000000000000000281220120000000007831200000000000000002446                                    00                
0330003300100J00023794556400002461573684190000017906800673000POLIPECAS DISTRIBUIDORA AUTOMO31122012000000000246157000000000000000000000000000000281220120000000002461570000000000000002447                                    00                
0330003300101J00023794556400002589073684190000017906500673000POLIPECAS DISTRIBUIDORA AUTOMO31122012000000000258907000000000000000000000000000000281220120000000002589070000000000000002448                                    00                
0330003300102J00023798556400001664073684190000017910700673000POLIPECAS DISTRIBUIDORA AUTOMO31122012000000000166407000000000000000000000000000000281220120000000001664070000000000000002449                                    00                
0330003300103J00039995556400000244002315331777105313093513001REAL MOTO PECAS LTDA          31122012000000000024400000000000000000000000000000000281220120000000000244000000000000000002450                                    00                
0330003300104J00039991556400001313402315331779805313093513001REAL MOTO PECAS LTDA          31122012000000000131340000000000000000000000000000000281220120000000001313400000000000000002451                                    00                
0330003300105J00039994556400000615642315333162605313093513001REAL MOTO PECAS LTDA          31122012000000000061564000000000000000000000000000000281220120000000000615640000000000000002452                                    00                
0330003300106J00039998556400001567692315331767405313093513001REAL MOTO PECAS LTDA          31122012000000000156769000000000000000000000000000000281220120000000001567690000000000000002453                                    00                
0330003300107J00039992556400000799912315331941305313093513001REAL MOTO PECAS LTDA          31122012000000000079991000000000000000000000000000000281220120000000000799910000000000000002454                                    00                
0330003300108J00039993556400010852482315343500605313093513001REAL MOTO PECAS LTDA          31122012000000001085248000000000000000000000000000000281220120000000010852480000000000000002455                                    00                
0330003300109J00039991556400001518592315344380705313093513001REAL MOTO PECAS LTDA          31122012000000000151859000000000000000000000000000000281220120000000001518590000000000000002456                                    00                
0330003300110J00034199556400000120001090004776253048092666000SAF DIESEL VEICULOS LTDA      31122012000000000012000000000000000000000000000000000281220120000000000120000000000000000002457                                    00                
0330003300111J00023799556400000400004130074130004231605055970SOUZA RAMOS COM E IMP LTDA    31122012000000000040000000000000000000000000000000000281220120000000000400000000000000000002458                                    00                
0330003300112J00034191556400000210631126378323562938069560000TEMPO AUTOMOVEIS PECAS LTDA   31122012000000000021063000000000000000000000000000000281220120000000000210630000000000000002459                                    00                
0330003300113J00039991556400000164531765725667604540079149001BANCO SOFISA SA               31122012000000000016453000000000000000000000000000000281220120000000000164530000000000000002460                                    00                
0330003300114J00039998556400000561561765725668404540079149001BANCO SOFISA SA               31122012000000000056156000000000000000000000000000000281220120000000000561560000000000000002461                                    00                
0330003300115J00000198556400009930007264191875218930000721117SEARA ALIMENTOS LTDA          31122012000000000993000000000000000000000000000000000281220120000000009930000000000000000002462                                    00                
03300035         000117000000000018129556000000000000000000                                                                                                                                                                                     
03399999         000003000134                                                                                                                                                                                                                   
