03300000         2054375370001370033006500490028050300065 0000480000414 AUTO GERAL DE ITU LTDA        BANCO SANTANDER                         12802201311004300010806000000                                        G4016PF00529               G4
03300011C2030030 205437537000137003300650049002805030006550000480000414 AUTO GERAL DE ITU LTDA                                                AV DR OCTAVIANO PEREIRA MENDES01333               ITU                 13301000SP                  
0330001300001J00003396562400001115319482966200000025363740104CAR CENTRAL DE AUTOPECAS E ROL01032013000000000111531000000000000000000000000000000280220130000000001115310000000000000004384                                    00                
0330001300002J00003391562400000719209492147000000000546070104J FREITAS COM IMP E EXP LTDA  01032013000000000071920000000000000000000000000000000280220130000000000719200000000000000004401                                    00                
0330001300003J00003395562400009822509537802800000000009370104SPARX IND E COM DE PECAS AUTO 01032013000000000982250000000000000000000000000000000280220130000000009822500000000000000004408                                    00                
03300015         000005000000000001165701000000000000000000                                                                                                                                                                                     
03300021C2031030 205437537000137003300650049002805030006550000480000414 AUTO GERAL DE ITU LTDA                                                AV DR OCTAVIANO PEREIRA MENDES01333               ITU                 13301000SP                  
0330002300001J00034192562400002023501127508453751248021303000BANCO FIBRA SA                01032013000000000202350000000000000000000000000000000280220130000000002023500000000000000004382                                    00                
0330002300002J00023799562400000583280495093035000031300995600CAOA CAMINHOES LTDA           01032013000000000058328000000000000000000000000000000280220130000000000583280000000000000004383                                    00                
0330002300003J00039991562400000273991768558889704061860231001CAR CENTRAL DE AUTOPECAS E ROL01032013000000000027399000000000000000000000000000000280220130000000000273990000000000000004385                                    00                
0330002300004J00034198562400000049501128278478670076000777000CENTER PECAS FABBRI LTDA      01032013000000000004950000000000000000000000000000000280220130000000000049500000000000000004386                                    00                
0330002300005J00039992562400006186291769015117002680075859001COBRA ROLAMENTOS E AUTO PECAS 01032013000000000618629000000000000000000000000000000280220130000000006186290000000000000004387                                    00                
0330002300006J00023796562400000216512002061301408228100829680COMERCIAL AUTOMOTIVA S.A.     01032013000000000021651000000000000000000000000000000280220130000000000216510000000000000004388                                    00                
0330002300007J00023792562400000525672198093035000000700072000COMERCIAL SAMBAIBA DE VIATURAS01032013000000000052567000000000000000000000000000000280220130000000000525670000000000000004389                                    00                
0330002300008J00023791562400011747762207093045000001600237540D HELIX INDUSTRIA E COMERCIO L01032013000000001174776000000000000000000000000000000280220130000000011747760000000000000004390                                    00                
0330002300009J00034191562400000400271127692000832938036635000DAYCO POWER TRANSMISSION      01032013000000000040027000000000000000000000000000000280220130000000000400270000000000000004391                                    00                
0330002300010J00034199562400000070301127692000912938036635000DAYCO POWER TRANSMISSION      01032013000000000007030000000000000000000000000000000280220130000000000070300000000000000004392                                    00                
0330002300011J00034196562400000806051128518994530249809195000DRIVEWAY INDUSTRIA BRASILEIRA 01032013000000000080605000000000000000000000000000000280220130000000000806050000000000000004393                                    00                
0330002300012J00034197562400000096421127789032712938000052000EATON LTDA                    01032013000000000009642000000000000000000000000000000280220130000000000096420000000000000004394                                    00                
0330002300013J00034197562400002349611128185174952938000052000EATON LTDA                    01032013000000000234961000000000000000000000000000000280220130000000002349610000000000000004395                                    00                
0330002300014J00034192562400000216521128185187092938000052000EATON LTDA                    01032013000000000021652000000000000000000000000000000280220130000000000216520000000000000004396                                    00                
0330002300015J00034196562400000531931127789018532938000052000EATON LTDA                    01032013000000000053193000000000000000000000000000000280220130000000000531930000000000000004397                                    00                
0330002300016J00034194562400008197651090304542440109276204000GIRANDO COMERCIO DE PECAS LTDA01032013000000000819765000000000000000000000000000000280220130000000008197650000000000000004398                                    00                
0330002300017J00034193562400000284521090304546650109276204000GIRANDO COMERCIO DE PECAS LTDA01032013000000000028452000000000000000000000000000000280220130000000000284520000000000000004399                                    00                
0330002300018J00034196562400000288451090304546730109276204000GIRANDO COMERCIO DE PECAS LTDA01032013000000000028845000000000000000000000000000000280220130000000000288450000000000000004400                                    00                
0330002300019J00074593562400000789543314080403011770073964048LNG IMP EXP DE AUTOPECAS LTDA 01032013000000000078954000000000000000000000000000000280220130000000000789540000000000000004402                                    00                
0330002300020J00000198562400000410150444399311133200001050131LUPORINI DISTR DE AUTOPECAS LT01032013000000000041015000000000000000000000000000000280220130000000000410150000000000000004403                                    00                
0330002300021J00034196562400004283921127685162992938025125000MAHLE METAL LEVE S/A          01032013000000000428392000000000000000000000000000000280220130000000004283920000000000000004404                                    00                
0330002300022J00034197562400003671971127685162812938025125000MAHLE METAL LEVE S/A          01032013000000000367197000000000000000000000000000000280220130000000003671970000000000000004405                                    00                
0330002300023J00034191562400000150881127685162732938025125000MAHLE METAL LEVE S/A          01032013000000000015088000000000000000000000000000000280220130000000000150880000000000000004406                                    00                
0330002300024J00034199562400000075441127685162082938025125000MAHLE METAL LEVE S/A          01032013000000000007544000000000000000000000000000000280220130000000000075440000000000000004407                                    00                
0330002300025J00023793562400006771292386093044000003500043000METALURGICA TUBA LTDA         01032013000000000677129000000000000000000000000000000280220130000000006771290000000000000004409                                    00                
0330002300026J00023793562400000416792500090256572512500000340ODAPEL DISTRIBUIDORA DE AUTO P01032013000000000041679000000000000000000000000000000280220130000000000416790000000000000004410                                    00                
0330002300027J00034192562400000154401750013157680278038278000PADOVANI E PADOVANI LTDA      01032013000000000015440000000000000000000000000000000280220130000000000154400000000000000004411                                    00                
0330002300028J00023792562400000606480151091330460058201251750PECA MAIS COMERCIO DE AUTO PEC01032013000000000060648000000000000000000000000000000280220130000000000606480000000000000004412                                    00                
0330002300029J00039992562400000930008144670018904540096965001PELLEGRINO DISTRIBUIDORA DE AU01032013000000000093000000000000000000000000000000000280220130000000000930000000000000000004413                                    00                
0330002300030J00039995562400001460723133547649505313093513001REAL MOTO PECAS LTDA          01032013000000000146072000000000000000000000000000000280220130000000001460720000000000000004414                                    00                
0330002300031J00023795562400000314833395061180232910200028140ROCHESTER DISTRIBUIDORA DE AUT01032013000000000031483000000000000000000000000000000280220130000000000314830000000000000004415                                    00                
0330002300032J00000191564200003987250000002492841000000002517WALTEC INDUSTRIA E COMERCIO DE19032013000000000398725000000000000000000000000000000280220130000000003987250000000000000004416                                    00                
0330002300033J00000197562400000958840442891154234200002431331ZM S/A                        01032013000000000095884000000000000000000000000000000280220130000000000958840000000000000004417                                    00                
0330002300034J00000191562400000151400000001555704202000131617VIRTUAL EXPRESS TRANSPORTES E 01032013000000000015140000000000000000000000000000000280220130000000000151400000000000000004418                                    00                
0330002300035J00023799562400000531852372196600105165900360080TELEFONICA BRASIL S/A         01032013000000000053185000000000000000000000000000000280220130000000000531850000000000000004419                                    00                
0330002300036J00039991562400000082072400491431306573205239001RODONAVES TRANSP E ENCOMENDAS 01032013000000000008207000000000000000000000000000000280220130000000000082070000000000000004420                                    00                
0330002300037J00039991562400000097592400491430506573205239001RODONAVES TRANSP E ENCOMENDAS 01032013000000000009759000000000000000000000000000000280220130000000000097590000000000000004421                                    00                
0330002300038J00039993562400002030192400491429106573205239001RODONAVES TRANSP E ENCOMENDAS 01032013000000000203019000000000000000000000000000000280220130000000002030190000000000000004422                                    00                
0330002300039J00039991562400004531152671847039003435718856001SERASA S.A                    01032013000000000453115000000000000000000000000000000280220130000000004531150000000000000004423                                    00                
03300025         000041000000000006725497000000000000000000                                                                                                                                                                                     
03399999         000002000048                                                                                                                                                                                                                   
