03300000         2054375370001370033006500490028050300065 0000480000414 AUTO GERAL DE ITU LTDA        BANCO SANTANDER                         12803201310290200013006000000                                        G4016PF00531               G4
03300011C2030030 205437537000137003300650049002805030006550000480000414 AUTO GERAL DE ITU LTDA                                                AV DR OCTAVIANO PEREIRA MENDES01333               ITU                 13301000SP                  
0330001300001J00003394565200017276079148017000000002200510104IND E COM AUTO PECAS REI LTDA 29032013000000001727607000000000000000000000000000000280320130000000017276070000000000000005374                                    00                
03300015         000003000000000001727607000000000000000000                                                                                                                                                                                     
03300021C2031030 205437537000137003300650049002805030006550000480000414 AUTO GERAL DE ITU LTDA                                                AV DR OCTAVIANO PEREIRA MENDES01333               ITU                 13301000SP                  
0330002300001J00034191565200000299301090002099780137627725000ALENAN COML DE PECAS E ACS LTD29032013000000000029930000000000000000000000000000000280320130000000000299300000000000000005357                                    00                
0330002300002J00023796565200000307433392023058000032201078260CAMBUCI ACESSORIOS LTDA       29032013000000000030743000000000000000000000000000000280320130000000000307430000000000000005358                                    00                
0330002300003J00039999565200000511521770574533104061860231001CAR CENTRAL DE AUTOPECAS E ROL29032013000000000051152000000000000000000000000000000280320130000000000511520000000000000005359                                    00                
0330002300004J00039993565200000124321770574481504061860231001CAR CENTRAL DE AUTOPECAS E ROL29032013000000000012432000000000000000000000000000000280320130000000000124320000000000000005360                                    00                
0330002300005J00039994565200000503831770574466104061860231001CAR CENTRAL DE AUTOPECAS E ROL29032013000000000050383000000000000000000000000000000280320130000000000503830000000000000005361                                    00                
0330002300006J00039991565200000199801770574510204061860231001CAR CENTRAL DE AUTOPECAS E ROL29032013000000000019980000000000000000000000000000000280320130000000000199800000000000000005362                                    00                
0330002300007J00034196565200000063001128874215610076000777000CENTER PECAS FABBRI LTDA      29032013000000000006300000000000000000000000000000000280320130000000000063000000000000000005363                                    00                
0330002300008J00034199565200000124001128874215790076000777000CENTER PECAS FABBRI LTDA      29032013000000000012400000000000000000000000000000000280320130000000000124000000000000000005364                                    00                
0330002300009J00034193565200000056001128874215200076000777000CENTER PECAS FABBRI LTDA      29032013000000000005600000000000000000000000000000000280320130000000000056000000000000000005365                                    00                
0330002300010J00034195565200001335021129149047200360545834000COBRA ROLAMENTOS E AUTO PECAS 29032013000000000133502000000000000000000000000000000280320130000000001335020000000000000005366                                    00                
0330002300011J00034191565200001258401129149054530360545834000COBRA ROLAMENTOS E AUTO PECAS 29032013000000000125840000000000000000000000000000000280320130000000001258400000000000000005367                                    00                
0330002300012J00034191565200000677521572253598064522114471000COML NV MILLENNIUN A P LTDA EP29032013000000000067752000000000003387000000000000000280320130000000000643650000000000000005368                                    00                
0330002300013J00034199565200001064341129422467060249809195000DRIVEWAY INDUSTRIA BRASILEIRA 29032013000000000106434000000000000000000000000000000280320130000000001064340000000000000005369                                    00                
0330002300014J00034192565200000210141128185280702938000052000EATON LTDA                    29032013000000000021014000000000000000000000000000000280320130000000000210140000000000000005370                                    00                
0330002300015J00034199565200002280511128185281462938000052000EATON LTDA                    29032013000000000228051000000000000000000000000000000280320130000000002280510000000000000005371                                    00                
0330002300016J00034196565200001039501128959499422938000052000EATON LTDA                    29032013000000000103950000000000000000000000000000000280320130000000001039500000000000000005372                                    00                
0330002300017J00034196565200018580881129160163172938017569000FRAS-LE S/A                   29032013000000001858088000000000000000000000000000000280320130000000018580880000000000000005373                                    00                
0330002300018J00023797565200000406002199090000012107900203330JBI COMERCIAL DE PLASTICOS REF29032013000000000040600000000000000000000000000000000280320130000000000406000000000000000005375                                    00                
0330002300019J00023797565200000615703392023050000003900201630LNG IMP EXP DE AUTOPECAS LTDA 29032013000000000061570000000000000000000000000000000280320130000000000615700000000000000005376                                    00                
0330002300020J00023792565200000812783484093057000053601129000PETRONAS LUBRIFICANTES BRASIL 29032013000000000081278000000000000000000000000000000280320130000000000812780000000000000005377                                    00                
0330002300021J00034198565200002610531129420157470191074004000POLIPECAS COMERCIAL E IMPORTAD29032013000000000261053000000000018274000000000000000280320130000000002427790000000000000005378                                    00                
0330002300022J00039993565200001382582995107788505313093513001REAL MOTO PECAS LTDA          29032013000000000138258000000000000000000000000000000280320130000000001382580000000000000005379                                    00                
0330002300023J00039995565200002617772995107002305313093513001REAL MOTO PECAS LTDA          29032013000000000261777000000000000000000000000000000280320130000000002617770000000000000005380                                    00                
0330002300024J00039996565200000951023133586600505313093513001REAL MOTO PECAS LTDA          29032013000000000095102000000000000000000000000000000280320130000000000951020000000000000005381                                    00                
0330002300025J00039991565200001951393133586880605313093513001REAL MOTO PECAS LTDA          29032013000000000195139000000000000000000000000000000280320130000000001951390000000000000005382                                    00                
0330002300026J00023798565200000403143395061180232942200028140ROCHESTER DISTRIBUIDORA DE AUT29032013000000000040314000000000000000000000000000000280320130000000000403140000000000000005383                                    00                
0330002300027J00023792565200000552583395090000005104600650000SORANA SUL                    29032013000000000055258000000000000000000000000000000280320130000000000552580000000000000005384                                    00                
0330002300028J00034191565200000087001091478274580513721555000VENANPECAS LTDA               29032013000000000008700000000000000000000000000000000280320130000000000087000000000000000005385                                    00                
0330002300029J00000199565300000250901823850912229130010401917CAMPINAS DIESEL LTDA          30032013000000000025090000000000000000000000000000000280320130000000000250900000000000000005386                                    00                
0330002300030J00034191565300000096951128874215530076000777000CENTER PECAS FABBRI LTDA      30032013000000000009695000000000000000000000000000000280320130000000000096950000000000000005387                                    00                
0330002300031J00034191565300000064051128874215870076000777000CENTER PECAS FABBRI LTDA      30032013000000000006405000000000000000000000000000000280320130000000000064050000000000000005388                                    00                
0330002300032J00034191565300000079001128874215950076000777000CENTER PECAS FABBRI LTDA      30032013000000000007900000000000000000000000000000000280320130000000000079000000000000000005389                                    00                
0330002300033J00034191565300001127341128076606030046365078000FELICIO VIGORITO FILHOS LTDA  30032013000000000112734000000000000000000000000000000280320130000000001127340000000000000005390                                    00                
0330002300034J00000192565300000573010444784652434120000204711INSTALADORA SAO MARCOS LTDA   30032013000000000057301000000000000000000000000000000280320130000000000573010000000000000005391                                    00                
0330002300035J00023791565300000155623394090000018013900324600MORELATE DISTRIBUIDORA DE AUTO30032013000000000015562000000000000000000000000000000280320130000000000155620000000000000005392                                    00                
0330002300036J00034191565300000624341128880970550384625000000PECAS AUTOMOTIVAS ZEENE LTDA  30032013000000000062434000000000000000000000000000000280320130000000000624340000000000000005393                                    00                
0330002300037J00023796565300000265383484093030000049701129000PETRONAS LUBRIFICANTES BRASIL 30032013000000000026538000000000000000000000000000000280320130000000000265380000000000000005394                                    00                
0330002300038J00023798565300008729223484093030000049801129000PETRONAS LUBRIFICANTES BRASIL 30032013000000000872922000000000000000000000000000000280320130000000008729220000000000000005395                                    00                
0330002300039J00023791565300003704753392091300604735700106490SERASA S.A                    30032013000000000370475000000000000000000000000000000280320130000000003704750000000000000005396                                    00                
0330002300040J00023794565300000587543395090000005392000650000SORANA SUL                    30032013000000000058754000000000000000000000000000000280320130000000000587540000000000000005397                                    00                
0330002300041J00023792565300000188533395090000005395400650000SORANA SUL                    30032013000000000018853000000000000000000000000000000280320130000000000188530000000000000005398                                    00                
0330002300042J00000192565300001604002912270000000000000122021SOUTEX CONFECCOES LTDA        30032013000000000160400000000000000000000000000000000280320130000000001604000000000000000005399                                    00                
0330002300043J00034193565300000130001091478272430513721555000VENANPECAS LTDA               30032013000000000013000000000000000000000000000000000280320130000000000130000000000000000005400                                    00                
0330002300044J00023799565300000239400090193060000003301013270WELLBOR AUTO PECAS LTDA       30032013000000000023940000000000000000000000000000000280320130000000000239400000000000000005401                                    00                
0330002300045J00034193565400000360651128180340120237417159000ACCIOLY SA IMP E COM          31032013000000000036065000000000000000000000000000000280320130000000000360650000000000000005402                                    00                
0330002300046J00023793565400000583270495093035000031400995600CAOA CAMINHOES LTDA           31032013000000000058327000000000000000000000000000000280320130000000000583270000000000000005403                                    00                
0330002300047J00023799565400000699930495093063000047500995600CAOA CAMINHOES LTDA           31032013000000000069993000000000000000000000000000000280320130000000000699930000000000000005404                                    00                
0330002300048J00034191565400000106601129034582410076000777000CENTER PECAS FABBRI LTDA      31032013000000000010660000000000000000000000000000000280320130000000000106600000000000000005405                                    00                
0330002300049J00023797565400000333003394093704083810100039600DE NIGRIS DISTR DE VEIC LTDA  31032013000000000033300000000000000000000000000000000280320130000000000333000000000000000005406                                    00                
0330002300050J00000191565400001203000000001563680000003196117DIRECOES HIDRAULICAS LONDRINA 31032013000000000120300000000000000000000000000000000280320130000000001203000000000000000005407                                    00                
0330002300051J00034199565400000251311128269694722938000052000EATON LTDA                    31032013000000000025131000000000000000000000000000000280320130000000000251310000000000000005408                                    00                
0330002300052J00034192565400000782961129069691942938000052000EATON LTDA                    31032013000000000078296000000000000000000000000000000280320130000000000782960000000000000005409                                    00                
0330002300053J00034199565400002210281129069690462938000052000EATON LTDA                    31032013000000000221028000000000000000000000000000000280320130000000002210280000000000000005410                                    00                
0330002300054J00034192565400000164511129069685922938000052000EATON LTDA                    31032013000000000016451000000000000000000000000000000280320130000000000164510000000000000005411                                    00                
0330002300055J00034196565400000111651129069686262938000052000EATON LTDA                    31032013000000000011165000000000000000000000000000000280320130000000000111650000000000000005412                                    00                
0330002300056J00023791565400001016073394090000018090200324600MORELATE DISTRIBUIDORA DE AUTO31032013000000000101607000000000000000000000000000000280320130000000001016070000000000000005413                                    00                
0330002300057J00023793565400001185503395061180232946200028140ROCHESTER DISTRIBUIDORA DE AUT31032013000000000118550000000000000000000000000000000280320130000000001185500000000000000005414                                    00                
0330002300058J00023791565400000524103381093073000057400030500CREDIT BRASIL FUNDO DE INVESTI31032013000000000052410000000000000000000000000000000280320130000000000524100000000000000005415                                    00                
0330002300059J00023791565400000332943381093073000057300030500CREDIT BRASIL FUNDO DE INVESTI31032013000000000033294000000000000000000000000000000280320130000000000332940000000000000005416                                    00                
0330002300060J00034193565100000154391572119429204522114471000COML NV MILLENNIUN A P LTDA EP28032013000000000015439000000000000771000000000000000280320130000000000146680000000000000005417                                    00                
03300025         000062000000000006924187000000000000000000                                                                                                                                                                                     
03399999         000002000067                                                                                                                                                                                                                   
