03300000         2054375370001370033006500490028050300065 0000480000414 AUTO GERAL DE ITU LTDA        BANCO SANTANDER                         12801201311151500008506000000                                        G4016PF00528               G4
03300011C2030030 205437537000137003300650049002805030006550000480000414 AUTO GERAL DE ITU LTDA                                                AV DR OCTAVIANO PEREIRA MENDES01333               ITU                 13301000SP                  
0330001300001J00003396559200001798069482966200000024119620104CAR CENTRAL DE AUTOPECAS E ROL28012013000000000179806000000000000000000000000000000280120130000000001798060000000000000003278                                    00                
0330001300002J00003391559200000430389513931700000103847900101DISTRIBUIDORA AUTOMOTIVA S/A  28012013000000000043038000000000000000000000000000000280120130000000000430380000000000000003280                                    00                
0330001300003J00003399559200000190349513931700000103858000101DISTRIBUIDORA AUTOMOTIVA S/A  28012013000000000019034000000000000000000000000000000280120130000000000190340000000000000003281                                    00                
03300015         000005000000000000241878000000000000000000                                                                                                                                                                                     
03300021C2031030 205437537000137003300650049002805030006550000480000414 AUTO GERAL DE ITU LTDA                                                AV DR OCTAVIANO PEREIRA MENDES01333               ITU                 13301000SP                  
0330002300001J00023797559000000283050495092338000019800995600CAOA CAMINHOES LTDA           26012013000000000028305000000000000000000000000000000280120130000000000283050000000000000003255                                    00                
0330002300002J00034192559000000325501127217851710076000777000CENTER PECAS FABBRI LTDA      26012013000000000032550000000000000000000000000000000280120130000000000325500000000000000003256                                    00                
0330002300003J00034197559000000210001127217851890076000777000CENTER PECAS FABBRI LTDA      26012013000000000021000000000000000000000000000000000280120130000000000210000000000000000003257                                    00                
0330002300004J00034197559000000023801127217852050076000777000CENTER PECAS FABBRI LTDA      26012013000000000002380000000000000000000000000000000280120130000000000023800000000000000003258                                    00                
0330002300005J00034191559000004094311127254120872938030539000DELPHI AUTOM SYSTEMS BR LTDA  26012013000000000409431000000000000000000000000000000280120130000000004094310000000000000003259                                    00                
0330002300006J00034194559000000230421127254119642938030539000DELPHI AUTOM SYSTEMS BR LTDA  26012013000000000023042000000000000000000000000000000280120130000000000230420000000000000003260                                    00                
0330002300007J00034192559000000105451127254120202938030539000DELPHI AUTOM SYSTEMS BR LTDA  26012013000000000010545000000000000000000000000000000280120130000000000105450000000000000003261                                    00                
0330002300008J00034196559000000126051127254119312938030539000DELPHI AUTOM SYSTEMS BR LTDA  26012013000000000012605000000000000000000000000000000280120130000000000126050000000000000003262                                    00                
0330002300009J00034193559000000307771127254120532938030539000DELPHI AUTOM SYSTEMS BR LTDA  26012013000000000030777000000000000000000000000000000280120130000000000307770000000000000003263                                    00                
0330002300010J00034191559000000126051127254119072938030539000DELPHI AUTOM SYSTEMS BR LTDA  26012013000000000012605000000000000000000000000000000280120130000000000126050000000000000003264                                    00                
0330002300011J00000191559000002662900000001458137443573999831DISTRIBUIDORA BRASUL DE AUTOPE26012013000000000266290000000000000000000000000000000280120130000000002662900000000000000003265                                    00                
0330002300012J00000199559000003909720000001458137443573999531DISTRIBUIDORA BRASUL DE AUTOPE26012013000000000390972000000000000000000000000000000280120130000000003909720000000000000003266                                    00                
0330002300013J00042295559000000581007115000051187559450518241ISAPA IMP COM LTDA            26012013000000000058100000000000000000000000000000000280120130000000000581000000000000000003267                                    00                
0330002300014J00034193559000000469001126945301170384625000000PECAS AUTOMOTIVAS ZEENE LTDA  26012013000000000046900000000000000000000000000000000280120130000000000469000000000000000003268                                    00                
0330002300015J00039997559000000152102315377803505313093513001REAL MOTO PECAS LTDA          26012013000000000015210000000000000000000000000000000280120130000000000152100000000000000003269                                    00                
0330002300016J00023799559000000230953395061180232875000028140ROCHESTER DISTRIBUIDORA DE AUT26012013000000000023095000000000000000000000000000000280120130000000000230950000000000000003270                                    00                
0330002300017J00023792559000001281501998190000010217500503970VANUCCI IMPORTACAO EXPORT. E C26012013000000000128150000000000000000000000000000000280120130000000001281500000000000000003271                                    00                
0330002300018J00034192559100000188971126520577310237417159000ACCIOLY SA IMP E COM          27012013000000000018897000000000000000000000000000000280120130000000000188970000000000000003272                                    00                
0330002300019J00034193559100000559431090008746172938050420000ITA PECAS PARA VEIC COM E SERV27012013000000000055943000000000000000000000000000000280120130000000000559430000000000000003273                                    00                
0330002300020J00023792559100000658903394090000013387200324600MORELATE DISTRIBUIDORA DE AUTO27012013000000000065890000000000000000000000000000000280120130000000000658900000000000000003274                                    00                
0330002300021J00040992559000000945005267115800100200071427810UNIMED SALTO/ITU COOP TRAB MED26012013000000000094500000000000000000000000000000000280120130000000000945000000000000000003275                                    00                
0330002300022J00034195559000000357151571252009150278483557000AUTO POSTO ESTRADAO DE ITU LTD26012013000000000035715000000000000000000000000000000280120130000000000357150000000000000003276                                    00                
0330002300023J00034193559100000103651750000135068949044674000CENTRO AUTOMOTIVO ITUZAO LTDA 27012013000000000010365000000000000000000000000000000280120130000000000103650000000000000003277                                    00                
0330002300024J00039992559200000148811767010721304061860231001CAR CENTRAL DE AUTOPECAS E ROL28012013000000000014881000000000000000000000000000000280120130000000000148810000000000000003279                                    00                
0330002300025J00035691559200000188270689070323420000004899267DISTRIBUIDORA AUTOMOTIVA S/A  28012013000000000018827000000000000000000000000000000280120130000000000188270000000000000003282                                    00                
0330002300026J00034191559200000181941127091074062938000052000EATON LTDA                    28012013000000000018194000000000000000000000000000000280120130000000000181940000000000000003283                                    00                
0330002300027J00034197559200000590601126422892952938107808000ELIVEL AUTOMOTORES LTDA       28012013000000000059060000000000000000000000000000000280120130000000000590600000000000000003284                                    00                
0330002300028J00034196559200000248491127144747590046365078000FELICIO VIGORITO FILHOS LTDA  28012013000000000024849000000000000000000000000000000280120130000000000248490000000000000003285                                    00                
0330002300029J00034194559200000506301126927914480765234976000GIANCAR DISTR AUTO PECAS LTDA 28012013000000000050630000000000000000000000000000000280120130000000000506300000000000000003286                                    00                
0330002300030J00000191559200000453000000001451672442886058311BANCO VOTORANTIM SA           28012013000000000045300000000000000000000000000000000280120130000000000453000000000000000003287                                    00                
0330002300031J00034199559200000632001127211253112938074016000ITAVOX VEICULOS               28012013000000000063200000000000000000000000000000000280120130000000000632000000000000000003288                                    00                
0330002300032J00023791559200005246193367093016000000100042290MAX GEAR IND E COM DE AUTO PEC28012013000000000524619000000000000000000000000000000280120130000000005246190000000000000003289                                    00                
0330002300033J00039991559200000249368144668310104540096965001PELLEGRINO DISTRIBUIDORA DE AU28012013000000000024936000000000000000000000000000000280120130000000000249360000000000000003290                                    00                
0330002300034J00039991559200000278088144668301204540096965001PELLEGRINO DISTRIBUIDORA DE AU28012013000000000027808000000000000000000000000000000280120130000000000278080000000000000003291                                    00                
0330002300035J00023794559200000874443484092348000021501129000PETRONAS LUBRIFICANTES BRASIL 28012013000000000087444000000000000000000000000000000280120130000000000874440000000000000003292                                    00                
0330002300036J00023793559200000265333484092341000054201129000PETRONAS LUBRIFICANTES BRASIL 28012013000000000026533000000000000000000000000000000280120130000000000265330000000000000003293                                    00                
0330002300037J00023791559200010328883484092341000053601129000PETRONAS LUBRIFICANTES BRASIL 28012013000000001032888000000000000000000000000000000280120130000000010328880000000000000003294                                    00                
0330002300038J00023792559200001439033484092341000053901129000PETRONAS LUBRIFICANTES BRASIL 28012013000000000143903000000000000000000000000000000280120130000000001439030000000000000003295                                    00                
0330002300039J00039991559200005385192315391919405313093513001REAL MOTO PECAS LTDA          28012013000000000538519000000000000000000000000000000280120130000000005385190000000000000003296                                    00                
0330002300040J00039999559200000613072315372037105313093513001REAL MOTO PECAS LTDA          28012013000000000061307000000000000000000000000000000280120130000000000613070000000000000003297                                    00                
0330002300041J00039994559200000704242315395938205313093513001REAL MOTO PECAS LTDA          28012013000000000070424000000000000000000000000000000280120130000000000704240000000000000003298                                    00                
0330002300042J00023792559200000720073395061180232879400028140ROCHESTER DISTRIBUIDORA DE AUT28012013000000000072007000000000000000000000000000000280120130000000000720070000000000000003299                                    00                
0330002300043J00023798559200000552593395090000005104400650000SORANA SUL                    28012013000000000055259000000000000000000000000000000280120130000000000552590000000000000003300                                    00                
0330002300044J00000191559200000041070443790643033260008018911T-PARTS COML E IMP DE AUTOPECA28012013000000000004107000000000000000000000000000000280120130000000000041070000000000000003301                                    00                
0330002300045J00023798559200003268223178190000018299300421050TUPER DISTRIB. PROD. METALURGI28012013000000000326822000000000000000000000000000000280120130000000003268220000000000000003302                                    00                
0330002300046J00000194559200001226500000001291892000004563717VESPOR AUTOMOTIVE DIST DE AUTO28012013000000000122650000000000000000000000000000000280120130000000001226500000000000000003303                                    00                
0330002300047J00000199559200002125980000001291892000004565817VESPOR AUTOMOTIVE DIST DE AUTO28012013000000000212598000000000000000000000000000000280120130000000002125980000000000000003304                                    00                
0330002300048J00039995559200000132231766459019004540079149001BANCO SOFISA SA               28012013000000000013223000000000000000000000000000000280120130000000000132230000000000000003305                                    00                
0330002300049J00039994559200000362001766459020404540079149001BANCO SOFISA SA               28012013000000000036200000000000000000000000000000000280120130000000000362000000000000000003306                                    00                
0330002300050J00023791559200000636000092092335000001700165930WILSON RUSSO AUTOPECAS LTDA   28012013000000000063600000000000000000000000000000000280120130000000000636000000000000000003307                                    00                
0330002300051J00000192559200000420000000002384522000000014517MPB MAQUINAS 2007 IND COM E SE28012013000000000042000000000000000000000000000000000280120130000000000420000000000000000003308                                    00                
0330002300052J00034191559200000647311127839760310191074004000POLIPECAS COMERCIAL E IMPORTAD28012013000000000064731000000000000000000000000000000280120130000000000647310000000000000003309                                    00                
0330002300053J00023794559100000650793395061180232876400028140ROCHESTER DISTRIBUIDORA DE AUT27012013000000000065079000000000000000000000000000000280120130000000000650790000000000000003310                                    00                
03300025         000055000000000005704865000000000000000000                                                                                                                                                                                     
03399999         000002000062                                                                                                                                                                                                                   
