03300000         2054375370001370033006500490028050300065 0000480000414 AUTO GERAL DE ITU LTDA        BANCO SANTANDER                         12901201310100000008606000000                                        G4016PF00528               G4
03300011C2030030 205437537000137003300650049002805030006550000480000414 AUTO GERAL DE ITU LTDA                                                AV DR OCTAVIANO PEREIRA MENDES01333               ITU                 13301000SP                  
0330001300001J00003396559300001154509308237700000000022320102VOBER IND E COM LTDA          29012013000000000115450000000000000000000000000000000290120130000000001154500000000000000003355                                    00                
0330001300002J00003398559300000696299308237700000000022160102VOBER IND E COM LTDA          29012013000000000069629000000000000000000000000000000290120130000000000696290000000000000003356                                    00                
03300015         000004000000000000185079000000000000000000                                                                                                                                                                                     
03300021C2031030 205437537000137003300650049002805030006550000480000414 AUTO GERAL DE ITU LTDA                                                AV DR OCTAVIANO PEREIRA MENDES01333               ITU                 13301000SP                  
0330002300001J00034197559300000105001571134949034518080884000CAMPOS SALLES C LTDA EPP      29012013000000000010500000000000000000000000000000000290120130000000000105000000000000000003311                                    00                
0330002300002J00039996559300000141251767057234004061860231001CAR CENTRAL DE AUTOPECAS E ROL29012013000000000014125000000000000000000000000000000290120130000000000141250000000000000003312                                    00                
0330002300003J00023795559300003396662002061301393719100829680COMERCIAL AUTOMOTIVA S.A.     29012013000000000339666000000000000000000000000000000290120130000000003396660000000000000003313                                    00                
0330002300004J00023791559300000476312002061301396263100829680COMERCIAL AUTOMOTIVA S.A.     29012013000000000047631000000000000000000000000000000290120130000000000476310000000000000003314                                    00                
0330002300005J00023797559300000735572002061301393498100829680COMERCIAL AUTOMOTIVA S.A.     29012013000000000073557000000000000000000000000000000290120130000000000735570000000000000003315                                    00                
0330002300006J00023796559300001550352002061301393567100829680COMERCIAL AUTOMOTIVA S.A.     29012013000000000155035000000000000000000000000000000290120130000000001550350000000000000003316                                    00                
0330002300007J00023797559300000321532002061301396236100829680COMERCIAL AUTOMOTIVA S.A.     29012013000000000032153000000000000000000000000000000290120130000000000321530000000000000003317                                    00                
0330002300008J00034192559300000245761127177525082938036635000DAYCO POWER TRANSMISSION      29012013000000000024576000000000000000000000000000000290120130000000000245760000000000000003318                                    00                
0330002300009J00035691559300000384940689070323420000004899457DISTRIBUIDORA AUTOMOTIVA S/A  29012013000000000038494000000000000000000000000000000290120130000000000384940000000000000003319                                    00                
0330002300010J00035699559300000205960689070323460000004899651DISTRIBUIDORA AUTOMOTIVA S/A  29012013000000000020596000000000000000000000000000000290120130000000000205960000000000000003320                                    00                
0330002300011J00035698559300007137870689070323490000004899658DISTRIBUIDORA AUTOMOTIVA S/A  29012013000000000713787000000000000000000000000000000290120130000000007137870000000000000003321                                    00                
0330002300012J00035694559300000115160689070323450000004899447DISTRIBUIDORA AUTOMOTIVA S/A  29012013000000000011516000000000000000000000000000000290120130000000000115160000000000000003322                                    00                
0330002300013J00035697559300001177720689070323440000004899497DISTRIBUIDORA AUTOMOTIVA S/A  29012013000000000117772000000000000000000000000000000290120130000000001177720000000000000003323                                    00                
0330002300014J00035691559300000460700689070323440000004899448DISTRIBUIDORA AUTOMOTIVA S/A  29012013000000000046070000000000000000000000000000000290120130000000000460700000000000000003324                                    00                
0330002300015J00035694559300003764540689070323400000004899657DISTRIBUIDORA AUTOMOTIVA S/A  29012013000000000376454000000000000000000000000000000290120130000000003764540000000000000003325                                    00                
0330002300016J00035691559300000137940689070323450000004899652DISTRIBUIDORA AUTOMOTIVA S/A  29012013000000000013794000000000000000000000000000000290120130000000000137940000000000000003326                                    00                
0330002300017J00035696559300000208630689070323400000004899467DISTRIBUIDORA AUTOMOTIVA S/A  29012013000000000020863000000000000000000000000000000290120130000000000208630000000000000003327                                    00                
0330002300018J00034193559300000077761127359806932938000052000EATON LTDA                    29012013000000000007776000000000000000000000000000000290120130000000000077760000000000000003328                                    00                
0330002300019J00034191559300010022411090304375870109276204000GIRANDO COMERCIO DE PECAS LTDA29012013000000001002241000000000000000000000000000000290120130000000010022410000000000000003329                                    00                
0330002300020J00034191559300001890741090006238710054846332000GT COMERCIO DE LUBRIFICANTES L29012013000000000189074000000000000000000000000000000290120130000000001890740000000000000003330                                    00                
0330002300021J00000197559300000622910000001241264442910381011INCOPARTS IND E COM DE PECAS L29012013000000000062291000000000000000000000000000000290120130000000000622910000000000000003331                                    00                
0330002300022J00034192559300000349471125410826352938074016000ITAVOX VEICULOS               29012013000000000034947000000000000000000000000000000290120130000000000349470000000000000003332                                    00                
0330002300023J00023794559300001978040086092339000013300170000A FIRMA ASSESSORIA EM COBRANCA29012013000000000197804000000000000000000000000000000290120130000000001978040000000000000003333                                    00                
0330002300024J00023791559300014601943372093014000001505096800METALURGICA SCHADEK LTDA      29012013000000001460194000000000000000000000000000000290120130000000014601940000000000000003334                                    00                
0330002300025J00039991559300003899388144668406004540096965001PELLEGRINO DISTRIBUIDORA DE AU29012013000000000389938000000000000000000000000000000290120130000000003899380000000000000003335                                    00                
0330002300026J00039991559300000374161767515940804540096965001PELLEGRINO DISTRIBUIDORA DE AU29012013000000000037416000000000000000000000000000000290120130000000000374160000000000000003336                                    00                
0330002300027J00039997559300000554922696550570804540096965001PELLEGRINO DISTRIBUIDORA DE AU29012013000000000055492000000000000000000000000000000290120130000000000554920000000000000003337                                    00                
0330002300028J00039998559300005415542696550535004540096965001PELLEGRINO DISTRIBUIDORA DE AU29012013000000000541554000000000000000000000000000000290120130000000005415540000000000000003338                                    00                
0330002300029J00039999559300003671048145177532404540096965001PELLEGRINO DISTRIBUIDORA DE AU29012013000000000367104000000000217486000000000000000290120130000000001496180000000000000003339                                    00                
0330002300030J00039997559300000373236696534729204540096965001PELLEGRINO DISTRIBUIDORA DE AU29012013000000000037323000000000000000000000000000000290120130000000000373230000000000000003340                                    00                
0330002300031J00039994559300001295542696550572404540096965001PELLEGRINO DISTRIBUIDORA DE AU29012013000000000129554000000000000000000000000000000290120130000000001295540000000000000003341                                    00                
0330002300032J00023794559300000750713684190000018741000673000POLIPECAS DISTRIBUIDORA AUTOMO29012013000000000075071000000000000000000000000000000290120130000000000750710000000000000003342                                    00                
0330002300033J00023799559300000397623684190000018742300673000POLIPECAS DISTRIBUIDORA AUTOMO29012013000000000039762000000000000000000000000000000290120130000000000397620000000000000003343                                    00                
0330002300034J00039992559300009733812315376960505313093513001REAL MOTO PECAS LTDA          29012013000000000973381000000000000000000000000000000290120130000000009733810000000000000003344                                    00                
0330002300035J00039991559300000267322315383643405313093513001REAL MOTO PECAS LTDA          29012013000000000026732000000000000000000000000000000290120130000000000267320000000000000003345                                    00                
0330002300036J00039991559300001409972315383402405313093513001REAL MOTO PECAS LTDA          29012013000000000140997000000000000000000000000000000290120130000000001409970000000000000003346                                    00                
0330002300037J00039991559300000553352315383340005313093513001REAL MOTO PECAS LTDA          29012013000000000055335000000000000000000000000000000290120130000000000553350000000000000003347                                    00                
0330002300038J00000198559300002069000000002175416000003160017SK AUTOMOTIVE S/A DISTR AUTOPE29012013000000000206900000000000000000000000000000000290120130000000002069000000000000000003348                                    00                
0330002300039J00000192559300000031470000002175416000003162017SK AUTOMOTIVE S/A DISTR AUTOPE29012013000000000003147000000000000000000000000000000290120130000000000031470000000000000003349                                    00                
0330002300040J00000191559300001390160000001538851000015779617SK AUTOMOTIVE S/A DISTR AUTOPE29012013000000000139016000000000000000000000000000000290120130000000001390160000000000000003350                                    00                
0330002300041J00023795559300000400004130074130004231705055970SK AUTOMOTIVE S/A DISTR AUTOPE29012013000000000040000000000000000000000000000000000290120130000000000400000000000000000003351                                    00                
0330002300042J00034197559300002318741090000198675199147918000UNIBOMBAS IND COM DE AUTOPECAS29012013000000000231874000000000000000000000000000000290120130000000002318740000000000000003352                                    00                
0330002300043J00000194559300003242680000001148003000007210317VESPOR AUTOMOTIVE DIST DE AUTO29012013000000000324268000000000000000000000000000000290120130000000003242680000000000000003353                                    00                
0330002300044J00000195559300001230420000001291892000004569917VESPOR AUTOMOTIVE DIST DE AUTO29012013000000000123042000000000000000000000000000000290120130000000001230420000000000000003354                                    00                
03300025         000046000000000008731336000000000000000000                                                                                                                                                                                     
03399999         000002000052                                                                                                                                                                                                                   
