03300000         2054375370001370033006500490028050300065 0000480000414 AUTO GERAL DE ITU LTDA        BANCO SANTANDER                         12911201213110600004006000000                                        G4016PF00528               G4
03300011C2003031 2054375370001370033006500490028050300065 0000480000414 AUTO GERAL DE ITU LTDA                                                AV DR OCTAVIANO PEREIRA MENDES01333               ITU                 13301000SP                  
0330001300001A0007000010154660000002050374 GERAL PARTS COM PECAS E ABRASI1269                29112012BRL000000000000000000000000035483                    00000000000000000000000                                        07          0          
0330001300002B   252472438000176                              00000                                                  00000000  291120120000000000354830000000000000000000000000000000000000000000000000000000000000000           00000          
03300015         000004000000000000035483000000000000000000                                                                                                                                                                                     
03300021C2030030 205437537000137003300650049002805030006550000480000414 AUTO GERAL DE ITU LTDA                                                AV DR OCTAVIANO PEREIRA MENDES01333               ITU                 13301000SP                  
0330002300001J00003397553200000346249364041800000001287160104BIAGIO DELL AGLI E CIA LTDA   29112012000000000034624000000000000000000000000000000291120120000000000346240000000000000001270                                    00                
03300025         000003000000000000034624000000000000000000                                                                                                                                                                                     
03300031C2031030 205437537000137003300650049002805030006550000480000414 AUTO GERAL DE ITU LTDA                                                AV DR OCTAVIANO PEREIRA MENDES01333               ITU                 13301000SP                  
0330003300001J00023791553200000090002863190000002393100000420ASP EXTINTORES LTDA EPP       29112012000000000009000000000000000000000000000000000291120120000000000090000000000000000001241                                    00                
0330003300002J00034191553200000278961125421285511248021303000BANCO FIBRA SA                29112012000000000027896000000000000000000000000000000291120120000000000278960000000000000001242                                    00                
0330003300003J00023798553200000653343114091293598240001763000BANCO FIBRA SA                29112012000000000065334000000000000000000000000000000291120120000000000653340000000000000001243                                    00                
0330003300004J00023799553200000380373381090000008890201801540BRASILWAGEN COM VEICULOS SA   29112012000000000038037000000000000000000000000000000291120120000000000380370000000000000001244                                    00                
0330003300005J00034199553200000385001561593311104518080884000CAMPOS SALLES C LTDA EPP      29112012000000000038500000000000000000000000000000000291120120000000000385000000000000000001245                                    00                
0330003300006J00039996553200000596731763507895204061860231001CAR CENTRAL DE AUTOPECAS E ROL29112012000000000059673000000000000000000000000000000291120120000000000596730000000000000001246                                    00                
0330003300007J00039995553200000829701763506482004061860231001CAR CENTRAL DE AUTOPECAS E ROL29112012000000000082970000000000000000000000000000000291120120000000000829700000000000000001247                                    00                
0330003300008J00034196553200000022201125515964900076000777000CENTER PECAS FABBRI LTDA      29112012000000000002220000000000000000000000000000000291120120000000000022200000000000000001248                                    00                
0330003300009J00034191553200000023001125515965160076000777000CENTER PECAS FABBRI LTDA      29112012000000000002300000000000000000000000000000000291120120000000000023000000000000000001249                                    00                
0330003300010J00034195553200000108001125685373620076000777000CENTER PECAS FABBRI LTDA      29112012000000000010800000000000000000000000000000000291120120000000000108000000000000000001250                                    00                
0330003300011J00023792553200000475273262090000028514400935470COMDIP COMERCIAL DISTR DE PECA29112012000000000047527000000000000000000000000000000291120120000000000475270000000000000001251                                    00                
0330003300012J00023798553200000481553262090000030075800935470COMDIP COMERCIAL DISTR DE PECA29112012000000000048155000000000000000000000000000000291120120000000000481550000000000000001252                                    00                
0330003300013J00000191553200003350051610087127714830000770017DIAS  DIAS DISTR DE PECAS LTDA29112012000000000335005000000000000000000000000000000291120120000000003350050000000000000001253                                    00                
0330003300014J00034196553200000311391123618681392938000052000EATON  LTDA                   29112012000000000031139000000000000000000000000000000291120120000000000311390000000000000001254                                    00                
0330003300015J00034193553200000080281124678859202938000052000EATON  LTDA                   29112012000000000008028000000000000000000000000000000291120120000000000080280000000000000001255                                    00                
0330003300016J00034191553200000640001561599979820069177186000FRANCIULLI COM PECAS LTDA EPP 29112012000000000064000000000000000000000000000000000291120120000000000640000000000000000001256                                    00                
0330003300017J00034197553200001086291125665178792938017569000FRAS LE S/A                   29112012000000000108629000000000000000000000000000000291120120000000001086290000000000000001257                                    00                
0330003300018J00034191553200003611141125927278980295821649000FREIOS CONTROIL LTDA          29112012000000000361114000000000000000000000000000000291120120000000003611140000000000000001258                                    00                
0330003300019J00023798553200000735570284281321210546500742060INDUSTRIAS DEL RECAMBIO DO BRA29112012000000000073557000000000000000000000000000000291120120000000000735570000000000000001259                                    00                
0330003300020J00023795553200000976802199090000011430900203330JBI COMERCIAL DE PLASTICOS REF29112012000000000097680000000000000000000000000000000291120120000000000976800000000000000001260                                    00                
0330003300021J00039991553200000429161764103947004540096965001PELLEGRINO DIST DE AUTOPECAS L29112012000000000042916000000000000000000000000000000291120120000000000429160000000000000001261                                    00                
0330003300022J00023798553200000338123395061180232817300028140ROCHESTER DISTR DE AUTOPECAS S29112012000000000033812000000000000000000000000000000291120120000000000338120000000000000001262                                    00                
0330003300023J00023798553200003267473395061180232816900028140ROCHESTER DISTR DE AUTOPECAS S29112012000000000326747000000000000000000000000000000291120120000000003267470000000000000001263                                    00                
0330003300024J00000192553200001475060000001244482993005107217RPT DISTR DE AUTO PCS         29112012000000000147506000000000000000000000000000000291120120000000001475060000000000000001264                                    00                
0330003300025J00034191553200021080001090030824340191130004000SO MARCAS COMERCIAL LTDA      29112012000000002108000000000000000000000000000000000291120120000000021080000000000000000001265                                    00                
0330003300026J00023799553200000372050545090000030362000705060TONINI DISTRIBUIDORA LTDA     29112012000000000037205000000000000000000000000000000291120120000000000372050000000000000001266                                    00                
0330003300027J00023798553200001808553178300000005037800421060TUPER DISTRIB. PROD. METALURGI29112012000000000180855000000000000000000000000000000291120120000000001808550000000000000001267                                    00                
0330003300028J00023794553200000465002863190000017624100000420ASP EXTINTORES LTDA EPP       29112012000000000046500000000000000000000000000000000291120120000000000465000000000000000001268                                    00                
03300035         000030000000000004435105000000000000000000                                                                                                                                                                                     
03399999         000003000039                                                                                                                                                                                                                   
