03300000         2054375370001370033006500490028050300065 0000480000414 AUTO GERAL DE ITU LTDA        BANCO SANTANDER                         13001201313415600008706000000                                        G4016PF00528               G4
03300011C2003031 2054375370001370033006500490028050300065 0000480000414 AUTO GERAL DE ITU LTDA                                                AV DR OCTAVIANO PEREIRA MENDES01333               ITU                 13301000SP                  
0330001300001A0007000010154660000002050374 GERAL PARTS COM PECAS E ABRASI3402                30012013BRL000000000000000000000000049019                    00000000000000000000000                                        07          0          
0330001300002B   252472438000176                              00000                                                  00000000  300120130000000000490190000000000000000000000000000000000000000000000000000000000000000           00000          
0330001300003A0007000010292380000000041920 SATTURNO SOROCABA TELEFONIA LT3403                30012013BRL000000000000000000000000100291                    00000000000000000000000                                        07          0          
0330001300004B   200106697000180                              00000                                                  00000000  300120130000000001002910000000000000000000000000000000000000000000000000000000000000000           00000          
0330001300005A0007000010292380000000041920 SATTURNO SOROCABA TELEFONIA LT3404                30012013BRL000000000000000000000000058656                    00000000000000000000000                                        07          0          
0330001300006B   200106697000180                              00000                                                  00000000  300120130000000000586560000000000000000000000000000000000000000000000000000000000000000           00000          
0330001300007A0007000010292380000000041920 SATTURNO SOROCABA TELEFONIA LT3405                30012013BRL000000000000000000000000079053                    00000000000000000000000                                        07          0          
0330001300008B   200106697000180                              00000                                                  00000000  300120130000000000790530000000000000000000000000000000000000000000000000000000000000000           00000          
0330001300009A0000182370055090000000002321 JAMAICA IND DE ARTEFATOS DE BO3406                30012013BRL000000000000000000000000723070                    00000000000000000000000                                        07          0          
0330001300010B   262157094000164                              00000                                                  00000000  300120130000000007230700000000000000000000000000000000000000000000000000000000000000000           00000          
03300015         000012000000000001010089000000000000000000                                                                                                                                                                                     
03300021C2030030 205437537000137003300650049002805030006550000480000414 AUTO GERAL DE ITU LTDA                                                AV DR OCTAVIANO PEREIRA MENDES01333               ITU                 13301000SP                  
0330002300001J00003393559500000662009513931700000103901620101DISTRIBUIDORA AUTOMOTIVA S/A  31012013000000000066200000000000000000000000000000000300120130000000000662000000000000000003384                                    00                
0330002300002J00003392559500005125539537802800000000007780203SPARX IND E COM DE PECAS AUTO 31012013000000000512553000000000000000000000000000000300120130000000005125530000000000000003393                                    00                
03300025         000004000000000000578753000000000000000000                                                                                                                                                                                     
03300031C2031030 205437537000137003300650049002805030006550000480000414 AUTO GERAL DE ITU LTDA                                                AV DR OCTAVIANO PEREIRA MENDES01333               ITU                 13301000SP                  
0330003300001J00023793559400000117613371090000833825200719500AVEBRAZ COMERCIO DE VEICULOS E30012013000000000011761000000000000000000000000000000300120130000000000117610000000000000003357                                    00                
0330003300002J00039997559400003809681767566842611960078237001BAP AUTOMOTIVA LTDA           30012013000000000380968000000000000000000000000000000300120130000000003809680000000000000003358                                    00                
0330003300003J00039999559400000892581767566841811960078237001BAP AUTOMOTIVA LTDA           30012013000000000089258000000000000000000000000000000300120130000000000892580000000000000003359                                    00                
0330003300004J00039996559400000189831767566840011960078237001BAP AUTOMOTIVA LTDA           30012013000000000018983000000000000000000000000000000300120130000000000189830000000000000003360                                    00                
0330003300005J00042291559400000326007020000094360699537029791BECAP COM DE AUTO PECAS LTDA  30012013000000000032600000000000000000000000000000000300120130000000000326000000000000000003361                                    00                
0330003300006J00034199559400001354001126364505071248021303000BANCO FIBRA SA                30012013000000000135400000000000000000000000000000000300120130000000001354000000000000000003362                                    00                
0330003300007J00039991559400000716651767563057704061860231001CAR CENTRAL DE AUTOPECAS E ROL30012013000000000071665000000000000000000000000000000300120130000000000716650000000000000003363                                    00                
0330003300008J00039991559400000540721767563054204061860231001CAR CENTRAL DE AUTOPECAS E ROL30012013000000000054072000000000000000000000000000000300120130000000000540720000000000000003364                                    00                
0330003300009J00039995559400000205481767563118204061860231001CAR CENTRAL DE AUTOPECAS E ROL30012013000000000020548000000000000000000000000000000300120130000000000205480000000000000003365                                    00                
0330003300010J00023794559400002263680152091330090334801828310CESAR DE NADAI ME             30012013000000000226368000000000000000000000000000000300120130000000002263680000000000000003366                                    00                
0330003300011J00023798559400007540663396092325000000300008270CINPAL CIA IND DE PECAS P/ AUT30012013000000000754066000000000000000000000000000000300120130000000007540660000000000000003367                                    00                
0330003300012J00023796559400000851403396092325000000700008270CINPAL CIA IND DE PECAS P/ AUT30012013000000000085140000000000000000000000000000000300120130000000000851400000000000000003368                                    00                
0330003300013J00023796559400000692716348093007000063201024500DAYCO POWER TRANSMISSION      30012013000000000069271000000000000000000000000000000300120130000000000692710000000000000003369                                    00                
0330003300014J00035693559400000905550689070323410000005569605DISTRIBUIDORA AUTOMOTIVA S/A  30012013000000000090555000000000000000000000000000000300120130000000000905550000000000000003370                                    00                
0330003300015J00035696559400000239310689070323490000004899732DISTRIBUIDORA AUTOMOTIVA S/A  30012013000000000023931000000000000000000000000000000300120130000000000239310000000000000003371                                    00                
0330003300016J00034197559400000050431127179755052938000052000EATON LTDA                    30012013000000000005043000000000000000000000000000000300120130000000000050430000000000000003372                                    00                
0330003300017J00034191559400000808821090000883681145581417000EVORA RETENTORES LTDA         30012013000000000080882000000000000000000000000000000300120130000000000808820000000000000003373                                    00                
0330003300018J00034191559400000355481090304387180109276204000GIRANDO COMERCIO DE PECAS LTDA30012013000000000035548000000000000000000000000000000300120130000000000355480000000000000003374                                    00                
0330003300019J00034191559400003130861127613144112395022557000KOGA KOGA CIA LTDA            30012013000000000313086000000000000000000000000000000300120130000000003130860000000000000003375                                    00                
0330003300020J00039991559400000249168144668444204540096965001PELLEGRINO DISTRIBUIDORA DE AU30012013000000000024916000000000000000000000000000000300120130000000000249160000000000000003376                                    00                
0330003300021J00039994559400000584942315385607905313093513001REAL MOTO PECAS LTDA          30012013000000000058494000000000000000000000000000000300120130000000000584940000000000000003377                                    00                
0330003300022J00000192559400000606890000002175416000003173317SK AUTOMOTIVE S/A DISTR AUTOPE30012013000000000060689000000000000000000000000000000300120130000000000606890000000000000003378                                    00                
0330003300023J00034191559400009089991090000201625199147918000UNIBOMBAS IND COM DE AUTOPECAS30012013000000000908999000000000000000000000000000000300120130000000009089990000000000000003379                                    00                
0330003300024J00023791559500000627000154092335000002103360050ALPHA SENSORES AUTOMOTIVOS LTD31012013000000000062700000000000000000000000000000000300120130000000000627000000000000000003380                                    00                
0330003300025J00039991559500000460371767635348804061860231001CAR CENTRAL DE AUTOPECAS E ROL31012013000000000046037000000000000000000000000000000300120130000000000460370000000000000003381                                    00                
0330003300026J00034191559500000387831571392319434522114471000COML NV MILLENNIUN A P LTDA EP31012013000000000038783000000000001939000000000000000300120130000000000368440000000000000003382                                    00                
0330003300027J00023791559500008905916348093007000067201024500DAYCO POWER TRANSMISSION      31012013000000000890591000000000000000000000000000000300120130000000008905910000000000000003383                                    00                
0330003300028J00023796559500000318640138092341000004601370000BBL SISTEMAS OPERACIONAIS LTDA31012013000000000031864000000000000000000000000000000300120130000000000318640000000000000003385                                    00                
0330003300029J00039998559500000347821767092371104570524809001F CONFUORTO IND COM PCS LTDA  31012013000000000034782000000000000000000000000000000300120130000000000347820000000000000003386                                    00                
0330003300030J00034197559500001027761126654121210046365078000FELICIO VIGORITO FILHOS LTDA  31012013000000000102776000000000000000000000000000000300120130000000001027760000000000000003387                                    00                
0330003300031J00034191559500000183301126654122950046365078000FELICIO VIGORITO FILHOS LTDA  31012013000000000018330000000000000000000000000000000300120130000000000183300000000000000003388                                    00                
0330003300032J00034199559500000398931090304394760109276204000GIRANDO COMERCIO DE PECAS LTDA31012013000000000039893000000000000000000000000000000300120130000000000398930000000000000003389                                    00                
0330003300033J00034196559500001785851090304393930109276204000GIRANDO COMERCIO DE PECAS LTDA31012013000000000178585000000000000000000000000000000300120130000000001785850000000000000003390                                    00                
0330003300034J00034191559500000205391090304398310109276204000GIRANDO COMERCIO DE PECAS LTDA31012013000000000020539000000000000000000000000000000300120130000000000205390000000000000003391                                    00                
0330003300035J00034193559500001756911127591396711446685057000KT COMP AUTOMOTIVOS LTDA      31012013000000000175691000000000000000000000000000000300120130000000001756910000000000000003392                                    00                
0330003300036J00039991559500000547602696550821904540096965001PELLEGRINO DISTRIBUIDORA DE AU31012013000000000054760000000000000000000000000000000300120130000000000547600000000000000003394                                    00                
0330003300037J00039991559500000987688144668488404540096965001PELLEGRINO DISTRIBUIDORA DE AU31012013000000000098768000000000000000000000000000000300120130000000000987680000000000000003395                                    00                
0330003300038J00039991559500000973112696550924004540096965001PELLEGRINO DISTRIBUIDORA DE AU31012013000000000097311000000000000000000000000000000300120130000000000973110000000000000003396                                    00                
0330003300039J00039996559500000298936696534766704540096965001PELLEGRINO DISTRIBUIDORA DE AU31012013000000000029893000000000000000000000000000000300120130000000000298930000000000000003397                                    00                
0330003300040J00034198559500000885331127625281260125810226000REI AUTO PARTS IND COM S/A    31012013000000000088533000000000000000000000000000000300120130000000000885330000000000000003398                                    00                
0330003300041J00023791559500000444523395061180232877400028140ROCHESTER DISTRIBUIDORA DE AUT31012013000000000044452000000000000000000000000000000300120130000000000444520000000000000003399                                    00                
0330003300042J00034199559500002042461090000252580525580825000W ZANONI CIA LTDA             31012013000000000204246000000000000000000000000000000300120130000000002042460000000000000003400                                    00                
0330003300043J00023793559400003251723392091300592785000106490SERASA S.A                    30012013000000000325172000000000000000000000000000000300120130000000003251720000000000000003401                                    00                
03300035         000045000000000006134010000000000000000000                                                                                                                                                                                     
03399999         000003000063                                                                                                                                                                                                                   
