03300000         2054375370001370033006500490028050300065 0000480000414 AUTO GERAL DE ITU LTDA        BANCO SANTANDER                         13110201210370800001906000000                                        G4016PF00528               G4
03300011C2003031 2054375370001370033006500490028050300065 0000480000414 AUTO GERAL DE ITU LTDA                                                AV DR OCTAVIANO PEREIRA MENDES01333               ITU                 13301000SP                  
0330001300001A0000182370229850000000199311 A. MASSARI DO BRASIL          289                 31102012BRL000000000000000000000000600623                    00000000000000000000000                                        12          0          
0330001300002B   212423674000188                              00000                                                  00000000  311020120000000006006230000000000000000000000000000000000000000000000000000000000000000           00000          
03300015         000004000000000000600623000000000000000000                                                                                                                                                                                     
03300021C2030030 205437537000137003300650049002805030006550000480000414 AUTO GERAL DE ITU LTDA                                                AV DR OCTAVIANO PEREIRA MENDES01333               ITU                 13301000SP                  
0330002300001J00003391550300000520569421259200000000336500101GUMP MOTORS COMPONENTES AUTOM 3110201200000000005205600000000000000000000000000000031102012000000000052056000000000000000261                                     00                
0330002300002J00003396550300000481969513931700000103150200101DISTRIBUIDORA AUTOMOTIVA S/A  3110201200000000004819600000000000000000000000000000031102012000000000048196000000000000000267                                     00                
03300025         000004000000000000100252000000000000000000                                                                                                                                                                                     
03300031C2031030 205437537000137003300650049002805030006550000480000414 AUTO GERAL DE ITU LTDA                                                AV DR OCTAVIANO PEREIRA MENDES01333               ITU                 13301000SP                  
0330003300001J00034191550300003117361125042212790191074004000POLIPECAS COML E IMP. LTDA    3110201200000000031173600000000002182200000000000000031102012000000000289914000000000000000251                                     00                
0330003300002J00034198550300001758401124832149492938017569000FRAS-LE S/A                   3110201200000000017584000000000000000000000000000000031102012000000000175840000000000000000252                                     00                
0330003300003J00034191550300001077101124967933430078267192000DISTPECAS P/AUTOS ANHEMBI LTDA3110201200000000010771000000000000000000000000000000031102012000000000107710000000000000000253                                     00                
0330003300004J00000198550300000500000441395014333260008018911T-PARTS COMERCIAL E IMPORTADOR3110201200000000005000000000000000000000000000000000031102012000000000050000000000000000000254                                     00                
0330003300005J00034196550300000140501124686866240076000777000CENTER PECAS FABBRI LTDA      3110201200000000001405000000000000000000000000000000031102012000000000014050000000000000000255                                     00                
0330003300006J00034194550300000189001124686865900076000777000CENTER PECAS FABBRI LTDA      3110201200000000001890000000000000000000000000000000031102012000000000018900000000000000000256                                     00                
0330003300007J00034191550300000094501124686866160076000777000CENTER PECAS FABBRI LTDA      3110201200000000000945000000000000000000000000000000031102012000000000009450000000000000000257                                     00                
0330003300008J00034196550300000016801124686866320076000777000CENTER PECAS FABBRI LTDA      3110201200000000000168000000000000000000000000000000031102012000000000001680000000000000000258                                     00                
0330003300009J00023796550300000721233372092291000000105096800METALURGICA SCHADEK LTDA      3110201200000000007212300000000000000000000000000000031102012000000000072123000000000000000259                                     00                
0330003300010J00034196550300000522961090019437701012930309000DECAR AUTOPECAS LTDA          3110201200000000005229600000000000000000000000000000031102012000000000052296000000000000000260                                     00                
0330003300011J00023792550300000118503394093704058020100039600DE NIGRIS DISTR DE VEIC LTDA  3110201200000000001185000000000000000000000000000000031102012000000000011850000000000000000262                                     00                
0330003300012J00039991550300000517551762080786911960078237001BAP AUTOMOTIVA LTDA           3110201200000000005175500000000000000000000000000000031102012000000000051755000000000000000263                                     00                
0330003300013J00035697550300000370940689070323430000004886966DISTRIBUIDORA AUTOMOTIVA S/A  3110201200000000003709400000000000000000000000000000031102012000000000037094000000000000000264                                     00                
0330003300014J00035691550300000234740689070323470000004887002DISTRIBUIDORA AUTOMOTIVA S/A  3110201200000000002347400000000000000000000000000000031102012000000000023474000000000000000265                                     00                
0330003300015J00035694550300000096140689070323460000004887201DISTRIBUIDORA AUTOMOTIVA S/A  3110201200000000000961400000000000000000000000000000031102012000000000009614000000000000000266                                     00                
0330003300016J00039994550300001017042053136124605313093513001REAL MOTO PECAS LTDA          3110201200000000010170400000000000000000000000000000031102012000000000101704000000000000000268                                     00                
0330003300017J00034199550300000132991090303928570109276204000GIRANDO COMERCIO DE PECAS LTDA3110201200000000001329900000000000000000000000000000031102012000000000013299000000000000000269                                     00                
0330003300018J00039991550300000339348144664296004540096965001PELLEGRINO DISTR DE AUTO PECAS3110201200000000003393400000000000000000000000000000031102012000000000033934000000000000000270                                     00                
0330003300019J00000195550300000527700000001748318000003597317DIP DISTR DE PECAS LTDA       3110201200000000005277000000000000000000000000000000031102012000000000052770000000000000000271                                     00                
0330003300020J00039996550300000472728144664274004540096965001PELLEGRINO DISTR, DE AUTO PECA3110201200000000004727200000000000000000000000000000031102012000000000047272000000000000000272                                     00                
0330003300021J00000199550300002406640000002096856000002045417PRV COMERCIO DE PECAS LTDA    3110201200000000024066400000000000000000000000000000031102012000000000240664000000000000000273                                     00                
0330003300022J00039994550300000154691761335877303280030090001ITAVEMA ITALIA VEICULOS E MAQU3110201200000000001546900000000000000000000000000000031102012000000000015469000000000000000274                                     00                
0330003300023J00023794550300000300002221092278000001000333330JANCAP AUTO COMERCIAL LTDA    3110201200000000003000000000000000000000000000000000031102012000000000030000000000000000000275                                     00                
0330003300024J00034199550300002781001124629652712938016363000RR DONNELLEY MOORE EDT GR LTDA3110201200000000027810000000000000000000000000000000031102012000000000278100000000000000000276                                     00                
0330003300025J00023798550300000210001998190000008939300503970VANUCCI IMPORTACAO EXPORT. E C3110201200000000002100000000000000000000000000000000031102012000000000021000000000000000000277                                     00                
0330003300026J00000193550300000250950000001244482993005211217RPT DISTR DE AUTO PCS         3110201200000000002509500000000000000000000000000000031102012000000000025095000000000000000278                                     00                
0330003300027J00023792550300000828952221092276000006500333330JANCAP AUTO COMERCIAL LTDA    3110201200000000008289500000000000000000000000000000031102012000000000082895000000000000000279                                     00                
0330003300028J00039991550300000308941761257143003280030090001ITAVEMA ITALIA VEICULOS E MAQU3110201200000000003089400000000000000000000000000000031102012000000000030894000000000000000280                                     00                
0330003300029J00023791550300000395150138092263000003301453000OBB CONSULTORIA E PARTICIPACOE3110201200000000003951500000000000000000000000000000031102012000000000039515000000000000000281                                     00                
0330003300030J00000196550300000143260000001597457122106461317PETROBRAS DISTRIB             3110201200000000001432600000000000000000000000000000031102012000000000014326000000000000000282                                     00                
0330003300031J000001995503000028849900000024299314417064125112AR INDUSTRIA E COMERCIO LTDA 3110201200000000028849900000000000000000000000000000031102012000000000288499000000000000000283                                     00                
0330003300032J00023791550300000647534130072299000152405005930W DISTRIBUIDORA LTDA          3110201200000000006475300000000000000000000000000000031102012000000000064753000000000000000284                                     00                
0330003300033J00010491550300000028539786171517705437537000124SINDICATO DOS EMPREGADOS NO CO3110201200000000000285300000000000000000000000000000031102012000000000002853000000000000000285                                     00                
0330003300034J00010499550300000028539786171517705437537000424SINDICATO DOS EMPREGADOS NO CO3110201200000000000285300000000000000000000000000000031102012000000000002853000000000000000286                                     00                
03300035         000036000000000002311645000000000000000000                                                                                                                                                                                     
03300041C2016010 205437537000137003300650049002805030006550000480000414 AUTO GERAL DE ITU LTDA                                                AV DR OCTAVIANO PEREIRA MENDES01333               ITU                 13301000SP                  
0330004300001N000287                                     AUTO GERAL DE ITU LTDA        31102012000000007500266002372020543753700013716300920120000000000000000000000000750026600000000000000000000000000000031102012                            
0330004300002B   205437537000137                              00000                                                  00000000  311020120000000000000000000000000000000000000000000000000000000000000000000000000000              0000000        
0330004300003N000288                                     AUTO GERAL DE ITU LTDA        31102012000000013289382002089020543753700013716300920120000000000000000000000001328938200000000000000000000000000000031102012                            
0330004300004B   205437537000137                              00000                                                  00000000  311020120000000000000000000000000000000000000000000000000000000000000000000000000000              0000000        
03300045         000006000000000020789648                                                                                                                                                                                                       
03399999         000004000052                                                                                                                                                                                                                   
